3144 4920
367 498 423 555 et
463 489 882 572 quadrayinta
922 508 1234 552 annorum
1276 486 1639 568 obsequium,
1697 501 1814 569 per
1856 488 2167 569 colleyium
2229 490 2575 554 consulatus
2647 507 2828 570 quou-

366 594 514 657 clam
580 592 720 657 divo
784 592 1064 671 Augynsto
1108 589 1364 670 ,parenti
1421 596 1522 652 tuo
1565 591 1863 671 probatus
1934 597 1991 655 et
2075 591 2143 654 ti
2159 590 2238 654 bi
2324 614 2365 654 a
2388 614 2446 654 m
2464 592 2521 671 ic
2539 615 2583 656 u
2606 615 2638 656 s
2711 615 2834 658 nec

369 695 708 776 quidquam
773 700 914 775 post
994 695 1139 758 llaec
1218 698 1546 773 royaturus
1621 693 1877 757 salutem
1956 692 2228 776 infelicis
2298 694 2431 775 filii
2496 714 2639 775 royo
2706 694 2830 776 1).“

370 798 560 860 Hanc
623 795 965 881 epistulam
1024 786 1369 873 numquam
1431 793 1803 874 scripsisset
1846 794 2028 874 Piso,
2078 795 2132 858 si
2190 794 2422 859 fuisset
2494 797 2583 877 is,
2647 815 2830 876 quem

369 900 514 963 vult
572 898 1022 978 Altemoeller,
1107 903 1222 961 aut
1289 895 1698 976 despexisset
1776 896 2119 960 Tiberium.
2228 896 2543 965 Videmus
2614 907 2829 964 autem

368 986 572 1080 usque
618 1000 700 1064 ad
767 999 971 1080 ipsam
1020 1005 1288 1062 mortem
1334 998 1638 1063 Pisonem
1682 1017 2061 1078 persuasum
2122 997 2246 1063 sibi
2290 999 2595 1063 habuisse
2641 1001 2830 1066 Tibe-

368 1103 464 1166 rio
526 1101 819 1184 probari,
889 1119 1054 1181 quae
1112 1099 1250 1180 ipse
1296 1099 1563 1164 fecisset
1624 1106 1779 1165 ante
1843 1107 2161 1167 mortuum
2231 1100 2708 1185 Germanicum,
2758 1109 2826 1168 et

367 1207 535 1269 hanc
595 1223 789 1268 unam
845 1201 1149 1267 iniuriam
1211 1221 1355 1265 sese
1398 1200 1665 1283 fecisse,
1730 1203 1900 1282 quod
1959 1204 2195 1267 bellum
2253 1202 2443 1267 civile
2506 1205 2833 1270 movisset.

369 1308 453 1370 M.
530 1306 832 1370 Pisonem
893 1305 1159 1368 crimine
1221 1304 1372 1367 belli
1469 1304 1679 1369 civilis
1743 1305 2018 1369 absolvit
2114 1305 2448 1386 Tiberius,
2528 1307 2641 1370 sed
2706 1328 2836 1372 11011

366 1408 539 1472 0111111
582 1426 795 1488 poena
840 1426 982 1470 emn
1027 1406 1345 1471 liberavit.
1439 1406 1595 1469 Cum
1643 1408 1810 1471 enim
1857 1407 2159 1471 Aurelius
2207 1407 2399 1472 Cotta
2445 1409 2834 1490 censuisset,

364 1518 437 1574 ut
505 1560 534 1589 ,,
547 1512 641 1574 M.
706 1510 853 1573 Piso
911 1516 1094 1573 (exuta
1179 1509 1476 1589 (lisy-nitate
1531 1516 1586 1573 et
1639 1516 1875 1591 accepto
1933 1509 2387 1591 quiuquayieus
2452 1513 2719 1575 sestertio
2761 1512 2835 1576 iu

363 1615 566 1678 decem
650 1634 850 1676 anuos
934 1613 1302 1694 releyarctur
1320 1614 1373 1691 ,“
1480 1611 1661 1674 illum
1752 1612 2169 1693 „iyuomiuiae
2224 1615 2445 1677 exemit
2527 1614 2835 1679 consessit-

365 1734 476 1795 que
519 1714 576 1780 ei
624 1721 894 1796 paterna
959 1717 1116 1778 bona
1186 1714 1311 1797 ¹).“
1427 1712 1597 1792 Quid
1657 1719 1873 1778 autem
1939 1715 2199 1796 habuit,
2266 1715 2436 1794 quod
2491 1714 2561 1779 in
2614 1715 2835 1780 decem

364 1836 569 1880 annos
615 1835 757 1882 eum
801 1815 1172 1897 relegaret-⁶?
1261 1815 1449 1879 Certe
1496 1822 1561 1878 et
1606 1816 1691 1878 M.
1738 1815 1889 1880 Piso
1936 1818 2124 1882 simul
2190 1836 2332 1881 cum
2401 1822 2588 1897 patre
2649 1836 2834 1897 rupe-

366 1924 473 1982 rat
541 1919 913 1998 obsequium
973 1918 1035 1981 111
1103 1918 1562 1982 Germanicum
1621 1927 1687 1981 et
1741 1918 1991 1984 fecerat
2051 1925 2280 1982 contra
2345 1919 2524 1998 leges
2571 1926 2636 1982 et
2701 1938 2833 1983 rem

367 2021 711 2101 publicam.
815 2020 993 2100 Ergo
1057 2039 1138 2082 110
1194 2022 1357 2083 11000
1418 2019 1708 2101 quidem,
1798 2022 2092 2100 quamvis
2168 2028 2397 2085 contra
2462 2022 2834 2086 Germanici

364 2141 511 2202 spes
560 2128 627 2187 et
670 2121 942 2185 utilitati
988 2121 1110 2185 sibi
1158 2128 1405 2202 essent,
1450 2122 1790 2202 ignoscere
1837 2123 2047 2203 potuit
2080 2122 2396 2194 Tiberius.
2445 2124 2825 2188 Plancinam

368 2242 553 2305 vere,
601 2243 767 2304 quae
814 2224 1154 2288 studuerat
1192 2224 1482 2288 favorem
1530 2224 1802 2288 militum
1826 2243 2169 2304 quaerere,
2215 2243 2345 2288 non
2390 2226 2577 2289 modo
2625 2244 2835 2306 poena

365 2325 604 2389 adfecit
668 2327 880 2406 nulla,
988 2327 1099 2391 sed
1166 2327 1364 2391 etiam
1429 2325 1734 2390 defendit.
1827 2328 1954 2392 Sed
2046 2350 2270 2406 „cum
2358 2330 2681 2402 pudore
2764 2335 2836 2392 et

346 2429 407 2510 fl
425 2451 465 2491 a
479 2450 520 2509 5]
537 2429 563 2492 i
582 2429 680 2492 tio
735 2451 856 2510 pro
902 2452 973 2492 m
1019 2430 1324 2510 disseruit,
1373 2429 1593 2493 matris
1625 2452 1845 2513 preces
1906 2430 2246 2511 obtendens,
2298 2431 2366 2493 iu
2437 2448 2621 2511 quam
2681 2431 2832 2510 opti·

258 2560 263 2566 ·
362 2532 452 2595 mi
498 2532 786 2611 cuiusque
827 2534 1037 2596 secreti
1081 2540 1321 2613 questus
1380 2535 1580 2615 mayis
1643 2535 2049 2598 arde-scebant.
2157 2536 2239 2597 Id
2297 2557 2434 2614 erqo
2477 2534 2592 2616 sas
2655 2533 2835 2597 aviae

364 2633 826 2715 interfectricem
907 2636 1140 2715 nepotis
1226 2637 1556 2718 adspicere,
1627 2636 1894 2716 adloqui,
1989 2636 2224 2717 eripere
2282 2637 2544 2700 senat-ui.
2658 2638 2836 2717 Quod

352 2758 473 2816 pro
519 2737 800 2800 omuibus
853 2738 1085 2801 cii-ibus
1148 2737 1298 2818 leyes
1357 2741 1684 2819 obtineant,
1759 2739 1875 2802 uui
1976 2739 2346 2804 Germanico
2432 2761 2556 2802 11011
2644 2739 2828 2803 conti-

357 2838 518 2919 9isse
580 2839 708 2920 2>.“
805 2839 928 2919 Qui
1016 2857 1302 2902 rumores
1392 2841 1637 2905 minimi
1725 2851 1877 2904 sunt
1962 2842 2307 2920 momenti3
2399 2840 2820 2920 cognovimus

366 2945 583 3004 autem
640 2942 996 3004 Plancinae
1065 2939 1204 3003 sine
1264 2942 1456 3007 dubio
1523 2943 1726 3007 fuisse
1782 2942 1848 3005 in
1908 2943 2332 3024 Agrippinam
2408 2942 2720 3005 mandata
2789 2962 2828 3005 a

361 3042 554 3107 Livia
598 3042 786 3122 data,
852 3051 919 3105 et
963 3061 1128 3119 quae
1176 3062 1254 3106 ea
1298 3044 1545 3109 fecerat
1593 3045 1763 3125 apud
1821 3044 2203 3125 exercitum,
2253 3047 2545 3125 ‘probata
2592 3061 2736 3106 esse
2782 3063 2822 3107 a

363 3143 640 3208 Tiberio,
749 3143 816 3208 Si
883 3143 1049 3206 enim
1135 3169 1306 3222 „cum
1355 3150 1596 3227 pudore
1653 3154 1708 3211 et
1751 3146 2037 3229 flagiti&
2102 3147 2409 3211 disseruit
2473 3145 2613 3224 hic,
2684 3164 2829 3209 sese

368 3228 669 3309 iniuria-fn
716 3245 934 3309 facere
978 3246 1247 3326 ignarus
1312 3269 1437 3312 non
1496 3255 1654 3313 erat.
1747 3253 2147 3328 Quamquam
2192 3247 2572 3313 Plancinam
2618 3265 2829 3327 poena

360 3367 488 3410 11011
534 3347 776 3411 adfecit
821 3353 1174 3413 commotus
1245 3350 1568 3415 mandatis
1639 3370 1679 3414 a
1737 3349 1930 3415 Livia
1976 3351 2146 3415 datis
2193 3357 2260 3416 et
2302 3351 2584 3414 fortasse
2630 3348 2827 3414 etiam

367 3449 511 3513 odio
559 3449 624 3513 in
669 3450 1114 3530 Agrippinam.
1206 3454 1419 3532 Atque
1466 3453 1665 3517 etiam
1725 3452 1958 3515 iterum
2003 3452 2162 3517 dicit
2207 3453 2473 3518 Tacitus
2518 3450 2824 3531 puduisse

368 3548 727 3632 Tiberium,
791 3553 959 3632 quod
1024 3554 1282 3618 veniam
1348 3555 1637 3619 dedisset
1695 3554 2081 3618 Plancinae:
2170 3545 2386 3618 fuisse*
2456 3572 2600 3617 eum
2666 3559 2831 3632 „tum

353 3654 680 3733 pudore
764 3656 1208 3722 absolutae
1295 3658 1785 3723 Plancinae
1817 3657 2278 3738 placabiliorem
2330 3658 2459 3728 ³).“
2558 3655 2832 3735 „Paucis

365 3755 580 3817 diebus
621 3763 763 3836 post
829 3756 1060 3821 Caesar
1120 3767 1330 3824 auctor
1413 3760 1660 3825 senatui
1731 3758 1870 3843 fuit
1967 3758 2204 3823 Vitellio
2288 3767 2466 3837 atque
2564 3758 2833 3823 Veranio

365 3862 421 3920 et
510 3856 771 3921 Servaeo
875 3857 944 3939 (i.
1021 3879 1072 3923 0.
1164 3862 1541 3927 Germanici
1623 3860 1872 3942 01111013,
1961 3860 2451 3925 accusatoribus
2538 3859 2827 3941 Pisonis)

364 3961 699 4024 sacerdotia
777 3961 1106 4042 tribuendi,
1196 3965 1490 4030 Fulcinio
1577 3965 1951 4047 suffiayium
2016 3965 2103 4026 ad
2185 3964 2441 4028 honores
2515 3962 2832 4043 pollicitus

866 4150 981 4158 -μ

579 4299 624 4367 ¹)
659 4304 802 4355 Ann.
836 4303 917 4355 ΙΠ
955 4303 1030 4359 16.

577 4384 624 4452 ²)
660 4387 802 4439 Anu.
838 4387 919 4440 ΠΙ
960 4388 1037 4443 17.
1091 4424 1094 4429 -

581 4472 630 4547 ⁸)
665 4474 806 4535 Anu.
842 4471 923 4534 HI
962 4474 1041 4536 18.
