3144 4920
1365 318 1788 374 —16-

335 500 461 565 sive
502 498 831 565 eret-citum
874 498 1147 582 imayine
1188 519 1498 565 oaesorum
1539 497 2096 580 insepultorumque
2137 500 2451 563 tardatum
2503 501 2590 564 ad
2632 521 2808 581 proe-

337 604 425 668 lia
480 611 536 669 et
561 603 1120 688 formidolosiorem
1161 600 1423 666 hostium
1465 601 1770 681 credebat,·
1824 595 2015 681 neque
2047 600 2473 682 imperatorem
2497 608 2807 685 auyuratu

338 712 393 769 et
449 705 870 770 vetustissimis
932 705 1326 771 caerimoniis
1377 703 1738 785 praeditum
1805 708 2122 766 attrectare
2178 703 2419 786 feralia
2473 704 2803 770 debuisse.“

336 806 521 871 Haec
597 806 810 873 Taciti
892 808 1096 873 verba
1186 806 1672 871 commoverunt
1711 802 2285 885 Altemoellerum,
2365 809 2439 869 ut
2508 806 2804 871 Tacitum

335 908 523 988 quasi
619 903 1121 976 calumniantem
1219 907 1542 972 Tiberium
1630 904 2136 986 reprehenderet
2190 905 2272 988 ¹),
2378 908 2547 987 quod
2636 909 2805 973 hunc

338 1010 614 1075 omnia
669 1010 1159 1077 Germanici
1226 1012 1309 1075 in
1388 1007 1790 1074 deterius
1854 1008 2215 1072 trahere
2289 1007 2483 1072 dicat.
2586 1010 2802 1089 Atque

337 1110 535 1175 etiam
581 1129 657 1176 eo
702 1130 1088 1194 progressus
1135 1117 1256 1194 est,
1299 1117 1372 1177 ut
1415 1110 1665 1177 diceret
1708 1109 1896 1174 haec:
1946 1111 2293 1191 „Ueberall
2319 1133 2409 1175 wo
2435 1113 2543 1175 der
2567 1113 2812 1177 Kaiser‘

333 1215 452 1277 den
496 1215 774 1280 Prinzen
818 1216 1016 1296 tadelt‚
1062 1218 1145 1279 da
1187 1215 1453 1280 heuchelt
1493 1200 1572 1285 er*
1603 1213 1772 1278 nicht
1832 1214 1991 1277 nach
2034 1214 2139 1277 des
2203 1214 2449 1279 Tacitus
2514 1214 2793 1294 Ansieht,

333 1337 425 1381 wo
468 1338 535 1382 er
579 1318 724 1382 aber
767 1318 898 1399 lobt,
945 1320 1028 1383 da
1073 1319 1202 1402 lu'yt
1243 1340 1327 1383 er.
1420 1317 1503 1381 So
1547 1315 1730 1379 bildet
1771 1314 1872 1380 die
1915 1316 2244 1381 Heuehelei
2288 1316 2359 1381 in
2425 1319 2532 1382 der
2597 1319 2801 1382 Hand

249 1492 252 1496 ⁴
332 1420 437 1483 des
478 1419 712 1484 Autors
753 1422 871 1485 den
932 1421 1323 1500 Zauberstab,
1370 1420 1576 1491 womit
1615 1439 1681 1483 er
1723 1417 1839 1482 alle
1875 1424 2061 1499 yuten
2116 1419 2321 1484 Worte
2381 1423 2517 1485 und
2564 1422 2798 1486 Thaten

332 1523 436 1586 des
497 1522 772 1586 Fu'rsten
836 1522 940 1587 ins
1006 1522 1317 1606 Geyenteil
1376 1521 1666 1600 verkehrt,
1755 1519 1848 1584 bis
1911 1541 2036 1584 nur
2095 1522 2246 1586 noeli
2322 1523 2391 1585 F
2384 1525 2543 1589 elder
2619 1525 2797 1606 ifelbriy

333 1623 620 1689 bleiben.“
711 1623 839 1688 Sed
902 1626 1026 1689 hoc
1095 1627 1198 1689 est
1252 1623 1633 1689 calumniari
1701 1622 2029 1703 Tacitum3
2099 1623 2371 1705 primum
2438 1626 2607 1690 enim
2671 1627 2797 1692 nisi

334 1724 456 1790 hoc
517 1725 659 1790 loco
717 1744 1033 1807 nusquam
1101 1725 1265 1790 dixit
1314 1725 1587 1795 ‚Tacitus
1656 1725 1854 1805 haec;
1916 1725 2147 1791 deinde
2208 1744 2291 1790 ne
2346 1727 2469 1789 hoc
2538 1729 2793 1808 quidem

330 1828 473 1893 loco
519 1831 878 1907 asseverat,
925 1827 1039 1892 sed
1083 1826 1246 1892 duas
1290 1826 1492 1892 refert
1533 1827 2060 1910 reprehensionis
2119 1847 2373 1906 causas,
2420 1846 2582 1908 quas
2628 1832 2795 1896 veri-

332 1929 541 1995 simile
587 1934 690 1994 est
734 1948 880 1994 eum
923 1928 1254 1995 invenisse
1298 1929 1366 1995 in
1412 1929 1687 1997 diversis
1732 1930 2041 2013 fontibus,
2065 1932 2133 1997 in
2169 1930 2379 1996 medio
2403 1930 2793 2013 relinquenS,

328 2038 479 2098 utra
524 2032 612 2097 sit
653 2032 913 2113 rectior,
960 2037 1033 2096 ut
1078 2037 1179 2096 est
1225 2032 1510 2097 auctoris
1557 2032 1697 2098 sine
1741 2033 1842 2098 ira
1887 2038 1954 2098 et
1998 2033 2212 2099 studio
2259 2032 2625 2098 scribentis.
2674 2033 2789 2098 At-

329 2154 453 2216 que
496 2136 661 2201 haec
708 2134 933 2200 eadem
977 2134 1172 2216 plane
1231 2135 1686 2200 demonstrant
1729 2135 2048 2217 Tacitum,
2106 2132 2401 2216 quamvis
2445 2135 2613 2198 male
2660 2134 2790 2198 exi-

330 2237 613 2304 stimarit
664 2237 745 2301 de
822 2236 1103 2317 Tiberi0‚
1163 2236 1323 2301 nihil
1384 2241 1604 2329 tamen
1673 2237 1988 2317 omisisse,
2056 2236 2225 2318 quod
2283 2235 2462 2301 illum
2533 2242 2783 2318 purget.

328 2339 550 2420 Neque
595 2343 812 2404 autem
854 2338 1014 2404 illud
1059 2339 1422 2420 „Tiberium
1465 2346 1682 2405 cuneta
1718 2340 2080 2406 Germanioi
2127 2339 2194 2404 in
2222 2338 2486 2405 deterius
2512 2339 2787 2404 trahere“

329 2460 630 2523 umquam
675 2440 1045 2524 scripsisset
1087 2440 1256 2507 ullus
1316 2446 1564 2522 auctor,
1611 2442 1668 2508 si
1710 2444 1877 2508 bene
1922 2442 2335 2508 convenisset
2376 2440 2549 2506 inter
2603 2440 2787 2506 Tibe-

327 2545 492 2609 rium
538 2548 605 2609 et
647 2544 1122 2611 Germanicum.
1213 2545 1346 2609 Nos
1392 2543 1649 2630 quidem
1703 2544 2139 2626 praeferemus
2186 2545 2460 2610 alteram
2505 2563 2788 2624 causam,

329 2646 498 2728 quod
573 2650 942 2728 „exercitum
996 2647 1270 2731 imagine
1331 2639 1641 2713 caesorum
1721 2648 2275 2731 insepultorumque
2339 2648 2652 2715 tardatum
2727 2649 2815 2711 ad

317 2750 560 2832 proelia
601 2757 655 2815 et
719 2750 1282 2835 formidolosiorem
1324 2749 1629 2822 hostium“
1721 2749 2019 2814 Tiberius
2087 2746 2415 2829 credebat,
2488 2748 2554 2812 id
2642 2747 2813 2829 quod

328 2852 520 2933 paulo
564 2856 715 2933 post
758 2851 1002 2917 factum
1049 2858 1168 2933 est,
1215 2858 1562 2933 propterea
1612 2851 1782 2932 quod
1825 2849 2263 2932 intellegimus
2312 2868 2393 2914 ex
2439 2850 2585 2915 aliis
2647 2849 2808 2914 locis

331 2953 659 3019 Tiberium
704 2953 838 3018 suis
880 2952 1248 3019 rationibus
1297 2952 1751 3041 antepqsuisse
1795 2952 1890 3017 rei
1934 2951 2233 3034 publicae
2297 2952 2592 3016 salutem.
2655 2945 2810 3016 Cum

330 3075 486 3123 vero
528 3055 874 3120 redeuntes
921 3055 1244 3121 exercitus
1290 3076 1330 3122 a
1384 3047 1730 3136 Germanis
1774 3055 1841 3120 in
1906 3072 2213 3136 magnum
2292 3053 2639 3119 discrimen
2695 3052 2803 3117 ad-

331 3158 510 3224 ducti
532 3157 646 3224 vix
664 3176 699 3221 e
734 3156 1017 3239 periculo
1057 3156 1443 3239 evasissent,
1481 3207 1517 3239 „
1630 3163 1871 3223 vaserat
1894 3156 2290 3224 circumventi
2321 3157 2811 3239 exereitussama

331 3267 389 3326 et
427 3261 648 3344 infesto
699 3260 1155 3325 Germanorum
1197 3260 1444 3343 aymine
1528 3347 1531 3353 .
1567 3260 1753 3325 allias
1797 3259 1934 3343 peti
1975 3282 2049 3325 ae
2090 3259 2162 3323 ni
2206 3258 2569 3341 Ayrippina
2625 3257 2809 3339 impa

329 3363 519 3429 situm
548 3363 765 3429 Rheno
795 3368 1046 3443 pontem
1085 3362 1238 3427 solvi
1269 3362 1697 3445 prohibuisset,
1722 3368 1901 3427 erant
1914 3362 2022 3442 qui
2054 3362 2125 3427 id
2130 3361 2454 3445 flayitium
2459 3359 2829 3443 formidine-

333 3468 644 3531 auderent.
738 3465 864 3546 Sed
889 3464 1143 3548 femina
1184 3465 1406 3548 inyens
1447 3465 1653 3530 animi
1697 3464 1919 3529 munia
1962 3463 2137 3529 ducis
2169 3484 2288 3545 per
2330 3484 2427 3527 eos
2451 3462 2583 3528 dies
2600 3462 2811 3527 induit

240 3566 247 3572 ’
335 3567 762 3649 militibusque,
807 3573 875 3631 ut
916 3567 1057 3650 quis
1122 3568 1303 3650 inops
1346 3574 1456 3632 aut
1494 3567 1763 3648 saueius,
1826 3571 2041 3631 restem
2066 3572 2139 3630 et
2180 3565 2463 3648 fomenta
2515 3565 2810 3648 dilaryita

335 3677 437 3736 est.
535 3670 759 3735 Tradit
809 3669 877 3735 C.
925 3668 1185 3734 Plinius
1225 3670 1452 3735 stetisse
1509 3670 1684 3752 apud
1737 3668 2131 3750 principium
2184 3668 2414 3749 pontiS,
2482 3669 2694 3733 laudes
2756 3673 2811 3732 et

328 3779 531 3856 yrates
547 3772 806 3838 reversis
822 3771 1157 3855 leyionibus
1170 3773 1501 3838 habentem.
1564 3774 1650 3836 Id
1677 3770 1885 3836 Tiberi
1912 3769 2198 3835 animum
2218 3770 2407 3835 altius
2425 3769 2808 3852 penetravit:

336 3898 493 3941 non
556 3875 766 3941 enim
821 3875 1240 3957 simplices
1299 3898 1430 3940 eas
1493 3896 1740 3941 curas
1806 3895 1945 3939 nec
2008 3876 2403 3939 adversus
2444 3878 2809 3948 eoeternos

336 3978 690 4043 militum
759 3978 1028 4042 studia
1104 3978 1414 4060 quaeri.
1518 3975 1705 4056 Nihil
1778 3976 2058 4042 relictum
2107 3975 2625 4058 imperatoribus,
2700 3974 2811 4036 ubi

321 4081 575 4165 femina
593 4079 945 4162 manipulos
979 4081 1314 4163 intervisat,
1350 4082 1534 4164 siyna
1549 4080 1750 4159 adeat,
1791 4077 2179 4161 laryitionem
2207 4082 2458 4166 temptet,
2494 4082 2808 4157 tamquam

341 4322 956 4331 ———————————-

554 4490 610 4556 1)
648 4503 778 4562 pag.
818 4488 852 4546 9
887 4493 946 4543 et
979 4503 1108 4563 pag.
1156 4488 1235 4547 11.
