3144 4920
1302 254 1727 332 *49⁴—

275 437 640 522 'videbatun
739 443 909 524 Erat
954 457 1122 526 enim
1166 457 1358 527 Suria
1401 459 1740 543 provincia
1781 460 2204 545 Imperatoris
2251 468 2319 530 et
2360 463 2427 531 in
2472 448 2742 532 Oriente

270 561 474 645 longe
517 562 783 630 maximi
825 566 1134 633 momenti
1193 603 1276 612 —
1343 585 1474 633 non
1519 567 1730 634 minus
1776 587 1968 650 quam
2011 569 2080 635 in
2126 569 2477 637 Occidente
2521 570 2743 638 Gallia

271 706 361 717 —
380 670 646 752 eiusque
662 670 924 755 legatus
959 677 1268 755 quattuor
1286 673 1653 757 imperabat
1679 674 2061 757 legionibus,
2133 678 2358 760 Neque
2397 683 2619 744 tamen
2638 678 2742 743 Ti-

269 775 493 843 berius
514 777 739 844 Pisoni
758 778 939 844 dedit
959 778 1275 845 mandata
1308 785 1538 846 contra
1557 780 2018 848 Germanicum
2048 807 2061 847 :
2112 782 2501 850 Germanico
2524 788 2743 850 autem

270 882 505 949 tribuit
526 882 812 951 Orientis
834 885 1205 968 provincias
1232 891 1299 952 et
1335 886 1542 953 maius
1581 886 1920 969 imperium
1963 907 2155 971 quam
2199 889 2369 971 quod
2404 891 2742 957 habebant

268 992 694 1074 proconsules
716 997 833 1059 aut
864 992 1344 1075 provinciarum
1373 993 1598 1077 legati.
1674 995 1800 1060 Sed
1846 996 2260 1078 Plancinam,
2295 996 2555 1063 Pisonis
2583 1016 2739 1063 uxo-

271 1116 447 1181 rem,
522 1098 718 1165 Livia
798 1099 1078 1181 monuit,
1170 1105 1247 1165 ut
1311 1118 1711 1182 quacumque
1768 1102 2026 1167 ratione
2104 1102 2407 1169 iniuriam
2470 1102 2744 1169 inferret

275 1204 715 1288 Agiippinae3
761 1225 888 1287 qua
932 1224 1004 1271 re
1050 1211 1406 1272 commotus
1449 1206 1604 1273 Piso
1651 1226 1722 1273 se
1765 1207 2088 1273 delectum
2131 1209 2419 1292 putavit,
2464 1214 2539 1275 ut
2581 1209 2740 1276 Ger-

272 1311 530 1377 manico
579 1311 873 1378 omnibus
939 1312 1007 1378 in
1070 1313 1263 1378 rebus
1325 1312 1591 1379 afferret
1650 1311 2089 1380 difficultates.
2182 1314 2498 1382 Celeriter
2539 1316 2743 1398 igitur

270 1418 341 1484 in
385 1417 792 1501 provinciam
852 1438 1037 1485 suam
1080 1418 1410 1501 profectus
1457 1420 1631 1486 omni
1674 1420 1930 1487 ratione
1975 1423 2081 1487 vel
2125 1421 2301 1488 iusta
2345 1423 2453 1488 vel
2495 1421 2741 1488 iniusta

271 1524 551 1591 militum
595 1525 843 1592 animos
888 1525 1013 1591 sibi
1059 1525 1407 1591 conciliare
1465 1531 1533 1592 et
1594 1547 1635 1592 a
1678 1526 1881 1609 primo
1929 1528 2305 1595 abalienare
2349 1527 2739 1595 Germanico

271 1630 539 1698 studuit.
631 1631 755 1714 Qui
798 1652 953 1700 vero
997 1632 1185 1698 tarde
1229 1632 1357 1697 iter
1398 1632 1554 1698 fecit
1600 1633 1917 1715 simulque
1963 1639 2031 1699 et
2072 1634 2402 1701 visitando
2446 1635 2738 1702 Graecas

268 1741 464 1804 urbes
512 1743 580 1804 et
623 1738 979 1805 Thraecias
1026 1743 1093 1804 et
1138 1738 1304 1805 alias
1365 1743 1433 1804 et
1486 1738 1841 1805 refovendo
1887 1739 2257 1822 provincias
2315 1747 2582 1808 ventum
2624 1761 2736 1824 po-

265 1846 562 1928 pularem
617 1846 959 1928 quaesivit.
1049 1848 1403 1928 Postquam
1446 1845 1681 1912 deinde
1727 1847 2008 1912 coniecit
2067 1866 2180 1929 ea,
2250 1846 2334 1913 ad
2380 1866 2548 1929 quae
2593 1851 2739 1914 erat

270 1952 677 2035 destinatuS,
763 1973 906 2020 cum
949 1953 1191 2020 Pisone
1254 1953 1323 2019 in
1369 1958 1702 2020 certamen
1762 1954 1973 2035 venit,
2039 1971 2249 2034 neque
2293 1957 2480 2035 patet
2521 1957 2733 2018 utrum

267 2058 349 2123 de
392 2058 718 2127 industria
759 2079 994 2127 necne:
1063 2061 1203 2128 sine
1248 2059 1442 2127 dubio
1488 2079 1869 2143 persuasum
1912 2059 2038 2127 sibi
2080 2060 2371 2125 habebat
2414 2079 2455 2125 a
2498 2059 2739 2125 Pisone

174 2184 177 2185 ⁷
270 2164 811 2233 insectationibus
859 2185 1003 2234 sese
1067 2167 1221 2250 peti.
1314 2166 1471 2233 Cum
1532 2166 1737 2249 igitur
1800 2166 2104 2232 Pisonem
2166 2171 2282 2232 aut
2336 2165 2536 2231 filium
2598 2165 2737 2231 eius

268 2276 523 2355 partem
565 2272 893 2356 legionum
939 2272 1008 2340 in
1050 2272 1424 2340 Armeniam
1496 2272 1734 2339 ducere
1776 2272 2106 2354 iussisset,
2171 2272 2325 2339 Piso
2369 2292 2502 2338 non
2547 2273 2737 2338 oboe—

266 2377 434 2446 divit
475 2384 660 2445 ratus
725 2380 850 2445 hoc
894 2382 1237 2463 probatum
1296 2379 1379 2445 iri
1423 2379 1705 2445 Tiberio.
1798 2378 1954 2444 Cum
2009 2396 2166 2445 vero
2210 2377 2534 2444 interdum
2577 2377 2738 2443 Ger-

266 2484 506 2552 manici
549 2486 717 2552 iram
762 2492 830 2552 et
874 2486 1089 2553 odium
1134 2486 1477 2554 auxissent
1542 2486 1733 2552 amici
1777 2484 2179 2551 criminando
2224 2486 2564 2568 Pisonem,
2630 2504 2738 2551 res

264 2590 348 2657 ad
394 2591 753 2659 discordias
798 2592 1155 2661 deducitur.

478 2732 670 2800 Anno
729 2734 915 2800 XIX.
984 2735 1415 2802 Germanicus
1475 2735 1605 2800 iter
1663 2732 1823 2798 fecit
1881 2731 1950 2798 in
2006 2733 2414 2817 Aegyptum,
2481 2736 2556 2797 ut
2630 2731 2739 2796 hic

259 2857 513 2921 quoque
558 2839 776 2907 studia
808 2842 1027 2924 populi
1072 2841 1198 2909 sibi
1242 2841 1641 2922 conciliaret,
1689 2857 2078 2920 quamquam
2109 2838 2516 2920 provinciam
2559 2838 2740 2903 illam

257 2945 531 3012 *ntroire
590 2947 864 3013 vetitum
923 2956 1083 3015 erat.
1174 2948 1503 3014 Reversus
1549 2951 1768 3011 autem
1826 2944 1894 3009 in
1939 2944 2227 3028 Suriam,
2291 2945 2528 3028 omnia,
2574 2963 2740 3026 quae

279 3052 694 3135 instituerat,
762 3075 802 3119 a
847 3055 1085 3121 Pisone
1129 3055 1317 3121 irrita
1360 3054 1542 3120 facta
1608 3051 1889 3132 invenit,
1949 3070 2076 3132 qua
2119 3069 2192 3116 re
2251 3054 2615 3134 augebatur
2675 3056 2744 3115 et

268 3160 483 3227 odium
529 3159 596 3225 in
642 3161 950 3226 Pisonem
997 3167 1063 3225 et
1104 3161 1444 3243 persuasio
1510 3178 1580 3225 se
1639 3161 1722 3224 ab
1767 3158 1877 3223 illo
1921 3157 2177 3223 insidiis
2237 3158 2500 3223 tentari.
2591 3158 2739 3222 Non

263 3270 469 3333 multo
516 3273 668 3348 post
712 3268 904 3349 gravi
945 3270 1166 3334 morbo
1213 3266 1486 3333 affectus
1533 3265 1789 3346 amiciS,
1837 3263 1945 3345 qui
1991 3283 2134 3329 eum
2182 3284 2222 3330 a
2265 3265 2502 3329 Pisone
2547 3281 2740 3330 vene-

265 3392 417 3441 num
465 3375 797 3456 accepisse
842 3375 1204 3456 finxerunt,
1273 3372 1502 3439 habuit
1546 3372 1735 3437 fidem
1809 3376 1880 3434 et
1925 3371 2276 3436 amicitiam
2338 3370 2742 3436 renuntiavit

263 3480 505 3548 Pisoni.
554 3480 757 3547 Paulo
778 3487 928 3564 post
945 3487 1234 3547 mortuus
1263 3484 1367 3546 est
1395 3498 1525 3544 non
1548 3497 1826 3557 venen0,
1878 3478 1992 3542 sed
2015 3479 2266 3543 morbo:
2314 3497 2466 3542 nam
2486 3477 2742 3543 infirma

269 3589 651 3657 valetudine
711 3589 841 3654 iam
903 3588 1013 3654 diu
1077 3587 1308 3652 fuerat.
1417 3585 1604 3667 Piso,
1680 3584 1789 3665 qui
1833 3584 2209 3651 decesserat
2267 3583 2348 3648 de
2405 3583 2741 3665 provincia

275 3696 490 3763 iussus
537 3716 578 3761 a
621 3694 1048 3777 Germanico,
1115 3697 1268 3775 post
1327 3691 1500 3756 illius
1566 3696 1841 3756 mortem
1906 3711 2036 3757 non
2113 3689 2357 3757 celavit
2417 3688 2741 3756 laetitiam

261 3822 447 3870 suam
509 3808 577 3868 et
632 3803 1064 3886 provinciam,
1133 3819 1262 3882 qua
1318 3798 1511 3881 potiti
1579 3804 1768 3864 erant
1810 3797 2184 3864 Germanici
2246 3797 2472 3880 amici,
2549 3797 2613 3865 vi
2674 3802 2744 3861 et

265 3911 463 3977 armis
509 3909 756 3976 frustra
808 3910 1168 3991 repetebat.
1261 3905 1590 3988 TiberiuS,
1650 3905 1946 3986 quamvis
1990 3905 2170 3971 laeta
2234 3903 2293 3969 ei
2341 3909 2517 3970 esset
2560 3921 2732 3969 mors

263 4015 664 4100 Germanici,
732 4036 848 4099 per
911 4034 1103 4097 quam
1168 4013 1484 4081 liberatus
1553 4017 1700 4078 erat
1767 4013 1938 4079 omni
1999 4017 2206 4095 metu,
2285 4012 2733 4093 quaestionem

266 4129 488 4190 tamen
531 4123 599 4188 in
642 4124 947 4190 Pisonem
1009 4121 1150 4188 fieri
1194 4141 1427 4204 passus
1474 4126 1592 4186 est.
1693 4120 1841 4186 Etsi
1883 4119 2178 4185 veneficii
2224 4119 2415 4200 culpa
2459 4137 2737 4185 vacuum

268 4231 548 4311 putabat
588 4231 926 4314 Pisonem,
986 4230 1087 4296 ira
1130 4234 1352 4295 tamen
1394 4228 1464 4294 in
1510 4246 1654 4293 eum
1700 4227 2005 4292 incensus
2051 4231 2228 4309 erat,
2293 4224 2462 4306 quod
2508 4229 2738 4290 contra

270 4354 406 4401 rem
449 4337 772 4417 publicam
831 4337 1106 4403 militum
1165 4334 1384 4401 studia
1425 4332 1533 4400 hic
1601 4333 1725 4400 sibi
1784 4333 2254 4399 conciliaverat
2312 4337 2380 4396 et
2440 4336 2739 4397 moverat

264 4440 503 4509 bellum
569 4441 775 4511 civile.
880 4443 1035 4510 Piso
1092 4445 1344 4526 autem,
1408 4459 1598 4524 quem
1655 4437 2029 4506 fefellerant
2081 4456 2231 4522 spes
2250 4488 2267 4523 ,
2349 4434 2740 4522 Imperatori

2667 4721 2804 4781 ΔΓ
