3144 4920
1430 279 1851 337 ..3ρῇ

414 463 548 539 081,
595 479 764 541 nam,
811 466 886 525 ut
929 459 1024 524 ait
1068 460 1354 541 Tacitus,
1404 460 1616 541 „Piso
1659 482 1790 524 non
1835 471 2138 526 moratus
2181 463 2366 526 ultra
2425 466 2621 528 navis
2668 465 2920 530 solvit

410 567 1013 653 moderabaturque
1075 570 1332 642 cursui,
1421 589 1547 653 quo
1626 571 1918 652 propius
1993 571 2475 652 reyrederetur‚
2565 574 2630 633 si
2702 594 2919 635 mors

416 675 799 740 Germanice·
856 677 1130 741 Suriam
1195 678 1575 758 aperuisset
1633 675 1760 757 ¹).“
1853 676 1920 739 Si
1988 677 2156 741 enim
2221 677 2390 740 ultro
2459 677 2640 759 abiit,
2713 682 2919 760 quod

412 782 584 846 haud
630 783 762 847 scio
810 805 894 849 an
939 804 1067 849 non
1114 782 1387 863 licuerit,
1435 788 1612 846 certe
1649 802 1779 846 non
1817 783 2089 862 ignarus
2139 786 2284 848 erat
2329 801 2473 847 sese
2518 802 2651 849 non
2677 787 2913 852 habe-

410 908 479 952 re
547 895 941 969 potestatem
1002 890 1377 971 provinciae
1442 889 1854 970 repetendae.
1946 890 2059 954 Sin
2106 896 2320 954 autem
2383 886 2595 955 iussus
2672 900 2794 957 est
2866 916 2913 959 a

409 994 815 1077 Germanico,
843 997 1142 1060 oboedire
1166 996 1464 1075 debebat,
1491 1001 1556 1060 et
1580 996 1914 1076 provincia
1940 997 2269 1077 decedere,
2296 997 2409 1061 sed
2428 1003 2576 1077 post
2597 1004 2909 1064 mortem

406 1101 577 1165 illius
597 1103 853 1182 regredi
869 1103 1063 1166 licere
1082 1102 1205 1167 sibi
1223 1105 1517 1183 putabat,
1541 1122 1683 1166 011111
1701 1121 1828 1166 11011
1844 1104 2119 1167 haberet
2141 1102 2563 1168 Germanicus
2583 1111 2906 1184 potesta-

408 1212 536 1271 tem
562 1208 917 1272 demendae
942 1208 1333 1290 provinciae,
1361 1227 1552 1288 quam
1578 1208 1898 1272 tribuerat
1919 1210 2298 1288 Imperator.
2364 1208 2614 1273 Deinde
2639 1216 2905 1290 postea

410 1332 553 1376 eum
601 1317 950 1380 monebant
996 1316 1427 1394 centuriones,
1474 1321 1547 1377 111
1589 1320 1917 1395 repeteret
1962 1314 2355 1394 provinciam
2408 1337 2612 1395 „uon
2674 1319 2704 1379 i
2725 1340 2777 1380 u
2798 1340 2920 1391 r-e*

409 1419 876 1485 ablatamf⁶
923 1423 1138 1502 Atque
1184 1441 1325 1486 cum
1371 1421 1773 1485 (busun—aret
1820 1440 1962 1484 cum
2008 1420 2231 1485 amicis
2277 1421 2449 1501 Piso,
2498 1422 2648 1501 quid
2699 1430 2901 1488 esset

405 1525 790 1607 faciendum,
830 1530 913 1592 M.
940 1528 1107 1592 filius
1144 1528 1308 1591 dixit
1360 1529 1654 1607 „adem
1664 1530 1984 1611 ptioue
2024 1530 2416 1610 provinciae
2436 1531 2886 1610 satisfactum

367 1634 371 1639 “
411 1635 759 1697 inimieis.“
839 1635 1019 1699 Unde
1044 1640 1227 1714 patet
1262 1634 1504 1698 iussum
1531 1652 1674 1697 esse
1717 1633 2018 1697 Pisonem
2057 1655 2106 1698 ⁴a
2142 1633 2528 1698 Germanico
2555 1634 2892 1700 decedere·

407 1741 610 1805 Suria.
675 1740 1091 1804 1³e1feeerant
1141 1745 1356 1805 antem
1400 1741 1523 1803 hoc
1569 1739 1759 1803 amici
1805 1739 2173 1804 Germanici
2216 1745 2410 1819 atque
2449 1740 2513 1803 id
2559 1742 2887 1807 calumni-

408 1848 576 1912 ando
626 1848 929 1911 Pisonem
981 1854 1045 1909 et
1090 1846 1386 1910 veneficii
1416 1846 1954 1911 eumincusando
2027 1846 2193 1926 Quid
2221 1846 2389 1909 enim
2435 1847 2664 1910 habuit
2711 1850 2885 1913 Ger-

405 1954 713 2031 manicus.
761 1956 929 2034 quod
954 1954 1178 2019 Pisoni
1217 1953 1567 2018 amicitiam
1606 1953 2014 2017 renuntiaret
2054 1958 2163 2017 aut
2183 1951 2518 2033 provincia
2554 1953 2886 2018 decedere

406 2078 546 2123 eum
606 2059 904 2123 iuberet?
967 2062 1196 2125 Nonne
1255 2059 1469 2139 potins
1530 2065 1830 2139 putamus
1908 2058 2218 2140 epistulas
2278 2058 2429 2123 illas
2502 2078 2642 2123 eum
2712 2061 2882 2124 scri-

406 2165 614 2246 psisse
663 2174 1046 2230 commotum
1093 2168 1174 2229 ab
1221 2164 1465 2245 amicis,
1512 2165 1620 2245 qui
1665 2165 2001 2245 timebant,
2048 2184 2128 2228 ne
2181 2171 2432 2230 mortuo
2478 2166 2877 2247 Germanico

404 2271 470 2335 in
496 2291 565 2335 se
598 2272 922 2352 praesidio
958 2273 1249 2353 privatos
1280 2270 1645 2336 vindicaret
1665 2270 1863 2334 Piso?
1922 2271 2091 2335 Illud
2115 2277 2359 2349 autem:
2429 2273 2634 2351 „Piso
2673 2271 2873 2333 abire

407 2379 617 2442 Suria
670 2381 955 2442 statuic“
1008 2378 1303 2443 hausisse
1350 2378 1618 2442 Tacitus
1665 2376 1923 2440 videtur
1970 2398 2049 2440 ex
2095 2383 2364 2440 auctore
2414 2377 2872 2443 11160111ιᾶ01-

403 2504 544 2548 cum
590 2487 924 2565 benevolo,
973 2487 1077 2566 qui
1126 2492 1197 2549 ut
1241 2491 1552 2566 purgaret
1597 2484 2072 2563 Germanicum,
2121 2483 2420 2548 Pisonem
2467 2504 2584 2549 sua
2632 2493 2875 2565 sponte

402 2592 761 2657 decessisse
850 2593 1135 2656 tradidit.
1246 2593 1347 2655 In-
1405 2591 1615 2654 medio
1681 2589 1848 2654 enim
1907 2590 2392 2670 relinquendum
2469 2596 2586 2670 est,
2650 2596 2876 2655 utrum

403 2699 704 2764 habuerit
747 2699 1171 2762 Germanicus
1227 2703 1622 2777 potestatem
1682 2697 2062 2760 adimendae
2107 2696 2481 2776 provinciae
2526 2716 2748 2761 necne.

528 2805 830 2868 Efficitur
876 2813 1091 2869 autem
1139 2823 1217 2867 ex
1264 2802 1561 2883 sequenti
1610 2802 1822 2882 capite
1889 2803 1957 2883 2)
2024 2803 2500 2882 Germanicum,
2569 2805 2878 2882 quamvis

402 2912 706 2975 metuerit
749 2912 1070 2986 Pisonem,
1120 2929 1246 2974 non
1295 2907 1648 2972 credidisse
1695 2908 2061 2972 consentire
2128 2928 2268 2973 curn
2328 2910 2437 2973 1110
2499 2909 2872 2990 Tiberium3

399 3017 589 3097 immo
615 3037 769 3105 Vero
815 3019 1007 3098 paulo
1035 3024 1189 3082 ante
1235 3020 1505 3077 mortem
1554 3034 1770 3078 suam:
1822 3015 2304 3097 ..Fiiaeqetztibus
2347 3017 2631 3079 Scelesta
2677 3038 2869 3079 man*—

399 3122 627 3198 data,“
672 3121 898 3200 inquit,
946 3130 1105 3202 „aut
1152 3142 1280 3184 uon
1326 3122 1597 3185 credent
1643 3122 1934 3186 homiues
1994 3133 2112 3185 aut
2159 3145 2287 3186 uon
2362 3127 2744 3208 iquoseent“
2799 3131 2873 3189 et

402 3231 856 3311 „referatis
919 3233 1165 3310 patri
1224 3250 1320 3292 ac
1380 3232 1626 3311 fratri,
1672 3229 1910 3312 quibus
1969 3229 2456 3293 acerbitatibus
2524 3230 2864 3294 dilacera

399 3343 532 3411 tus,
590 3334 826 3418 quibus
912 3336 1181 3398 insidiis
1248 3339 1736 3399 circumc-entus
1795 3339 2231 3399 miserrimam
2298 3339 2506 3399 vitam
2568 3341 2882 3416 pessima-

397 3450 608 3504 morte
643 3441 990 3524 finierim;“
1082 3440 1237 3504 Cum
1298 3459 1677 3521 persuasum
1744 3441 1865 3505 sibi
1935 3443 2205 3505 haberet
2272 3463 2309 3505 a
2370 3442 2607 3505 Pisone
2667 3461 2862 3505 vene-

397 3565 547 3611 num
614 3565 756 3611 sese
819 3547 1178 3627 accepisse,
1268 3547 1533 3610 multum
1603 3552 1822 3610 tamen
1905 3548 2151 3627 aberat,
2214 3552 2286 3610 111
2350 3546 2675 3611 Tiberium
2750 3567 2860 3628 pu-

400 3657 573 3716 taret
649 3657 1001 3717 auctorem.
1093 3652 1219 3716 Sed
1285 3654 1477 3732 paulo
1561 3657 1716 3717 ante
1796 3659 2066 3717 mortem
2134 3653 2558 3718 Germanicus
2648 3655 2864 3718 oravit

397 3776 660 3823 uxorem
709 3778 910 3838 suam,
958 3763 1031 3824 ut
1078 3766 1399 3839 „exueret
1438 3761 1795 3840 ferociam,
1839 3760 2170 3822 saevienti
2205 3763 2527 3842 fortunae
2585 3759 2859 3823 submit-

398 3872 568 3927 teret
613 3867 929 3941 animum,
972 3886 1100 3927 ueu
1143 3887 1449 3949 reqressa
1496 3868 1565 3928 iu
1610 3865 1832 3928 urbem
1878 3866 2459 3929 aemulatione
2515 3889 2569 3950 p
2595 3889 2632 3929 o
2657 3875 2683 3928 t
2709 3888 2806 3928 eu
2835 3906 2858 3914 κ

398 3972 594 4033 tiae
657 3971 1211 4036 validiores
1272 3974 1722 4035 irritaret
1771 3972 1901 4053 ³).“
1949 3970 2193 4052 Quibus
2237 3972 2453 4037 verbis
2497 3992 2626 4036 non
2669 3974 2859 4038 modo

609 4282 658 4340 ι)
698 4279 841 4331 Α1111.
881 4278 937 4332 II
972 4278 1056 4335 70.

608 4366 663 4434 ²)
700 4367 841 4420 Anu.
876 4366 931 4420 11
965 4368 1046 4424 71.

610 4459 664 4520 ⁸)
702 4457 846 4516 Ann.
884 4456 932 4516 Il
968 4456 1053 4516 72.
