3144 4920
515 1199 825 1281 Quamvis
870 1201 1139 1266 multum
1184 1203 1286 1268 his
1333 1203 1729 1285 temporibus
1776 1203 2084 1284 scriptum
2131 1209 2199 1267 et
2240 1202 2641 1283 disputatum
2670 1200 2758 1266 sit

299 1307 379 1371 de
423 1310 825 1389 Imperatore
870 1308 1149 1391 Tiberi0,
1198 1311 1408 1376 adhuc
1452 1321 1673 1377 tamen
1694 1318 1933 1376 natura
1985 1316 2052 1374 et
2091 1328 2297 1373 mores
2339 1307 2475 1373 eius
2523 1327 2757 1389 magna

300 1434 380 1478 ex
424 1421 614 1495 parte
661 1417 935 1481 obscura
981 1422 1048 1480 et
1092 1417 1370 1496 quodam
1414 1419 1603 1483 modo
1672 1420 2050 1501 aenigmata
2103 1419 2499 1481 manserunt.
2591 1413 2757 1478 Olim

299 1520 597 1586 Tiberius
643 1525 997 1603 putabatur
1038 1522 1337 1588 immanis
1397 1531 1464 1589 et
1506 1525 1732 1607 falsus,
1779 1527 1887 1607 qui
1932 1542 2014 1587 ne
2060 1522 2194 1587 suis
2240 1521 2493 1602 quidem
2537 1538 2757 1601 peper-

300 1627 518 1709 cisset,
565 1633 651 1708 et,
697 1628 907 1709 siquid
951 1628 1102 1693 boni
1147 1628 1414 1709 fecerat,
1453 1628 1795 1694 simulasse
1821 1635 1936 1695 aut
1975 1629 2164 1705 malis
2187 1631 2379 1693 rebus
2404 1630 2757 1691 commotus

299 1733 533 1798 iecisse
578 1733 950 1799 videbatur:
997 1741 1224 1800 nostra
1267 1742 1509 1817 aetate,
1556 1755 1701 1800 cum
1746 1755 1826 1800 ex
1850 1734 2376 1816 inscriptionibus
2401 1731 2757 1819 intellexis-

300 1845 403 1905 set
445 1840 818 1920 provincias
885 1844 967 1905 ab
1014 1860 1089 1906 eo
1157 1842 1396 1923 optime
1462 1842 1975 1923 administrataS,
2042 1840 2284 1922 primus
2350 1839 2453 1905 vir
2500 1838 2759 1918 quidam

300 1947 527 2011 doctus
592 1947 1129 2029 Hamburgensis,
1195 1949 1455 2013 nomine
1522 1950 1802 2032 Sievers,
1848 1955 2123 2014 conatus
2190 1953 2292 2011 est
2335 1946 2569 2010 docere
2615 1944 2759 2010 aliis

302 2071 552 2132 quoque
597 2054 664 2118 in
709 2053 902 2117 rebus
951 2071 1092 2117 eum
1137 2054 1338 2119 fuisse
1382 2057 1622 2120 bonum
1667 2057 2157 2138 Imperatorem,
2206 2052 2318 2117 sed
2343 2073 2383 2117 a
2428 2050 2758 2115 veteribus

304 2158 721 2241 scriptoribus
768 2159 1005 2240 pictum
1067 2179 1211 2224 esse
1268 2160 1336 2224 in
1381 2161 1687 2226 deterius.
1780 2161 1982 2242 Quem
2049 2158 2256 2223 secuti
2322 2162 2475 2222 sunt
2541 2157 2755 2237 Stahr,

303 2264 636 2346 Merivale,
682 2265 975 2346 Freitag,
1022 2265 1134 2330 alii
1178 2267 1380 2348 multi,
1428 2269 1535 2348 qui
1596 2288 1738 2332 cum
1784 2267 2029 2333 vellent
2070 2264 2283 2330 vitare
2350 2262 2758 2346 Charybdim,

302 2369 666 2435 inciderunt
729 2370 797 2434 in
863 2371 1161 2454 Scyllam.
1254 2372 1408 2438 Cum
1456 2376 1625 2440 enim
1688 2371 2027 2438 calumniis
2082 2389 2364 2452 purgare
2425 2370 2763 2435 studerent

303 2476 648 2557 Tiberium,
711 2476 1032 2543 criminati
1098 2487 1250 2545 suut
1296 2482 1615 2565 Tacitum,
1660 2483 1755 2547 ita
1814 2486 1887 2545 ut
1930 2478 2228 2543 Tiberius
2272 2477 2577 2542 videatur
2633 2475 2761 2540 cla-

302 2583 593 2648 rissimus
654 2590 721 2648 et
783 2585 1057 2666 optimus
1114 2588 1494 2671 Imperator,
1562 2589 1920 2655 malevolus
1982 2584 2413 2650 calumniator
2474 2582 2757 2648 Tacitus.

302 2689 628 2755 Paulatim
690 2710 859 2755 nunc
931 2711 1191 2771 operam
1252 2695 1569 2761 dederunt
1633 2695 1759 2760 viri
1820 2691 2012 2773 docti,
2074 2696 2144 2756 ut
2190 2691 2429 2756 inirent
2487 2689 2761 2754 mediam

305 2796 496 2877 viam,
545 2796 658 2861 sed
706 2796 818 2861 alii
864 2797 1078 2878 aliam,
1125 2807 1199 2865 ut
1262 2803 1462 2866 multa
1507 2801 1574 2866 in
1622 2800 1881 2866 Tiberio
1927 2798 2210 2863 nondum
2254 2798 2535 2862 luceant.
2607 2795 2762 2859 Cum

305 2921 458 2968 vero
505 2903 712 2967 nostri
756 2903 853 2969 ita
899 2904 1276 2969 describant
1319 2905 1665 2986 Tiberium,
1714 2911 1787 2970 ut
1829 2922 2082 2986 semper
2104 2903 2271 2968 idem
2295 2901 2497 2967 fuisse
2543 2900 2762 2966 videa-

305 3014 428 3092 tur,
476 3015 733 3075 veteres
778 3009 1189 3077 tradiderunt
1233 3011 1582 3091 scriptores
1626 3010 1814 3076 initio
1859 3009 2044 3092 regni
2090 3027 2236 3073 eum
2279 3007 2482 3072 fuisse
2524 3011 2763 3073 bonum

305 3116 677 3199 principem,
724 3136 873 3181 mox
930 3116 1140 3199 magis
1184 3116 1520 3198 magisque
1585 3117 2014 3198 depravatum
2075 3135 2219 3181 esse
2266 3121 2333 3179 et
2375 3114 2763 3179 deteriorem

305 3220 568 3304 factum,
615 3222 670 3286 si
716 3222 1017 3287 Tacitum
1070 3221 1133 3306 ¹)
1181 3222 1525 3304 sequimur,
1595 3227 1744 3303 post
1806 3223 2004 3289 Drusi
2048 3228 2340 3295 mortem,
2388 3222 2445 3286 si
2488 3222 2764 3287 Dionem

522 3496 563 3563 ¹)
601 3497 729 3550 Tac.
769 3498 909 3549 Ann.
947 3496 1044 3549 IV.
1083 3496 1129 3548 7.
1211 3493 1368 3560 Quae
1426 3502 1628 3548 cuncta
1663 3511 1775 3547 non
1814 3495 2029 3563 quidem
2070 3490 2209 3547 c'omi
2246 3496 2339 3548 via
2377 3493 2641 3546 horridus
2697 3510 2765 3546 ac

307 3584 637 3651 plerumque
675 3578 1032 3650 formidatus,
1073 3583 1346 3634 retinebat
1385 3587 1589 3641 lamen,
1632 3581 1804 3632 donee
1842 3579 2013 3632 Drusi
2049 3586 2224 3633 morte
2260 3583 2622 3633 verteremlur⁴

606 3669 736 3722 Tac.
779 3671 920 3722 Anu.
959 3667 1049 3720 VI.
1094 3669 1176 3722 51.
1251 3666 1520 3730 „Morum
1562 3670 2050 3734 quoquetempora
2087 3663 2169 3715 illi
2191 3663 2448 3716 diversa.-
2490 3664 2766 3732 eqreqium

309 3755 425 3807 vita
459 3755 747 3821 famaque,
789 3752 975 3821 quoad
1009 3752 1264 3819 privatus
1301 3751 1387 3804 vel
1416 3753 1473 3804 in
1493 3750 1735 3820 imperiis
1772 3750 1871 3803 sub
1921 3751 2162 3816 Auquslo
2201 3749 2346 3815 suit,·
2387 3748 2662 3801 occultum
2699 3765 2766 3801 ac

309 3838 599 3892 subdolum
632 3837 903 3906 finyendis
941 3837 1253 3897 virtutibus,
1295 3837 1471 3888 donee
1512 3836 1872 3889 Germanicus
1895 3852 1962 3888 ac
1998 3835 2205 3887 Drusus
2225 3834 2586 3902 superfuere3
2622 3834 2764 3886 idem

312 3926 458 3978 inter
498 3925 648 3977 bona
683 3922 943 3991 malaque
979 3922 1180 3974 mixtus
1235 3922 1499 3974 incolumi
1535 3928 1747 3988 malre‚·
1780 3920 2112 3973 intestabilis
2147 3920 2402 3982 saevitia,
2425 3919 2521 3971 sed
2541 3920 2766 3971 obtectis

311 4009 645 4077 libidinibus,
677 4009 805 4061 dum
843 4007 1106 4061 Seianum
1144 4007 1334 4060 dileoeil
1372 4008 1646 4060 limuilve:
1679 4016 1962 4076 postremo
1999 4003 2290 4056 inscelera
2325 4003 2485 4056 simul
2517 4020 2583 4056 ac
2604 4004 2766 4056 dede-

315 4110 452 4147 cora
486 4097 772 4164 prorupit,
811 4099 1106 4163 postquam
1125 4097 1334 4144 remoto
1353 4092 1568 4161 pudore
1591 4099 1639 4145 et
1675 4098 1816 4144 metu
1848 4107 1946 4144 suo
1970 4094 2182 4142 tautum
2200 4090 2420 4155 inyem'o
2442 4089 2765 4146 utebatur-‚⁸⁸

613 4180 849 4248 Seneca,
889 4179 958 4234 de
999 4179 1156 4233 clem.
1195 4179 1235 4231 Ι.
1279 4180 1321 4245 1,
1358 4180 1404 4231 ὃ.
1482 4176 1702 4238 „Nemo
1739 4178 1852 4230 iam
1892 4177 2074 4229 divum
2110 4176 2409 4242 Auyuslum
2446 4189 2545 4227 nec
2589 4173 2769 4225 Tiberi

317 4262 573 4315 Caesaris
613 4266 799 4332 prima
836 4270 1092 4333 tempora
1128 4263 1425 4332 quuitur.“
1603 4263 1667 4317 cf.
1701 4263 2000 4318 Dirichlet.
2063 4260 2172 4314 Der
2211 4257 2518 4327 Philosoph
2553 4257 2766 4311 Seneca

317 4347 400 4399 als
441 4346 632 4413 Quelle
668 4351 765 4417 fiir
803 4351 889 4404 die
933 4349 1320 4417 Beurtheiluny
1374 4349 1470 4407 der
1508 4355 1684 4408 ersten
1720 4352 1860 4409 riim,
1902 4347 2119 4406 Kaiser,
2160 4345 2357 4419 Proqr.
2422 4343 2768 4418 Ko‘niysberq

316 4433 496 4488 189⁰.
570 4450 625 4509 p.
667 4437 744 4494 16.
