3144 4920
1279 330 1700 407 „gg-J...

245 530 518 597 missam
556 533 1028 616 provinciam;
1071 531 1194 595 lcoc
1239 532 1452 614 wisse
1474 540 1769 595 secretos
1812 530 2165 614 Anqustac
2202 550 2347 593 cum
2386 523 2722 592 Plancina

241 661 622 702 sermones:
669 661 828 702 vera
882 660 1165 724 prorsus
1209 638 1292 702 de
1348 637 1577 703 Druso
1636 640 1932 702 seniores
1988 637 2285 713 loculo-w
2364 634 2724 719 displicere

240 746 693 830 remeantibus
737 747 971 811 cicilia
1008 745 1294 829 filiorum
1342 748 1613 829 incenia
1657 767 1864 832 neque
1908 743 1987 808 ob
2046 743 2241 807 aliud
2282 744 2720 825 intercepc03‚

240 874 436 937 quam
501 856 675 939 quia
726 853 1043 937 populum
1118 853 1485 916 Romanum
1553 874 1765 938 aequo
1822 855 1971 915 itu-c
2033 851 2388 934 complecti
2449 850 2721 913 reddita

239 962 566 1026 libertate
614 964 1026 1042 aqitavmv‘nc
1060 960 1185 1043 ¹).“
1280 960 1368 1024 Hi
1414 964 1604 1025 erant
1646 977 1971 1039 rumoreS,
2030 977 2110 1022 ex
2171 958 2402 1038 quibus
2448 957 2725 1022 efficitur

240 1089 560 1153 magnum
609 1056 813 1133 fuisse
855 1067 1244 1133 Germanico
1304 1066 1628 1147 favorem,
1676 1066 1919 1132 nullum
1986 1065 2281 1147 TiberiO,
2343 1065 2440 1131 ita
2497 1071 2571 1129 ut
2614 1082 2724 1145 po-

240 1177 429 1257 pulus
477 1176 863 1257 inclinaret,
912 1181 983 1239 ut
1028 1180 1356 1239 auctorem
1403 1172 1642 1238 mortui
1686 1172 2062 1239 Germanici
2105 1173 2284 1237 illum
2332 1172 2724 1254 opinaretur.

244 1283 421 1364 Quos
484 1301 787 1348 rumores
855 1301 998 1345 cum
1042 1279 1317 1345 tradidit
1373 1279 1677 1360 TacituS,
1746 1299 1875 1344 non
1940 1279 2087 1344 ideo
2155 1278 2454 1359 tradidit,
2522 1283 2595 1343 ut
2657 1296 2728 1342 se

242 1389 410 1454 idem
479 1389 734 1453 sentire
802 1387 1236 1468 significaret,
1302 1386 1416 1451 sed
1486 1386 1639 1466 quia
1700 1385 2119 1451 historiarum
2186 1385 2521 1467 scriptoris
2583 1404 2728 1450 esse

245 1497 533 1574 putabat
595 1494 838 1558 referre
910 1494 1107 1558 etiam
1186 1511 1491 1557 rumores,
1597 1491 1783 1573 „Hos
1842 1494 2030 1576 vulqi
2081 1514 2414 1556 sermones
2488 1492 2730 1555 audita

242 1623 421 1663 mors
471 1602 651 1664 adeo
698 1601 1035 1676 incendit,
1080 1609 1154 1662 nc
1200 1608 1359 1662 ante
1404 1600 1694 1662 edictum
1737 1601 2288 1683 maye‘stracnum,
2335 1607 2494 1663 ante
2535 1619 2728 1661 sena-

246 1692 352 1770 tus
399 1709 788 1771 consultam
832 1715 1095 1791 sumpto
1142 1708 1407 1768 iustitio
1468 1705 1937 1769 desererentur
1974 1709 2173 1791 sora,
2256 1707 2731 1770 clauderentur

248 1814 488 1877 domus
506 1838 532 1891 ;
580 1817 837 1898 passim
881 1815 1155 1877 silentia
1204 1822 1266 1875 et
1309 1815 1596 1896 (smm‘tus
1616 1836 1639 1889 ;
1699 1812 1873 1875 ‘nihil
1913 1816 2347 1897 compositum
2395 1816 2465 1876 ‘ln
2511 1822 2728 1876 osten-

250 1925 625 1985 tationem:
672 1930 736 1984 et
782 1940 1175 2004 qeucenqnam
1220 1941 1426 2003 neque
1470 1920 1844 2004 insz‘ynibus
1889 1920 2251 2004 luyente'um
2295 1920 2730 2001 abstinerent,

250 2028 466 2092 altius
516 2031 761 2092 animis
819 2026 1198 2090 macrebant
1235 2026 1359 2107 ¹).“
1463 2027 1559 2089 Ne
1621 2028 1785 2090 haec
1842 2026 2134 2106 quidem,
2204 2046 2368 2108 quae
2435 2028 2733 2093 Tacitum

249 2135 561 2201 hausisse
608 2140 882 2216 apparet
928 2154 1007 2197 ex
1052 2134 1305 2197 illorum
1330 2140 1683 2212 temporum
1726 2133 2132 2214 auctoribuS,
2179 2135 2538 2200 dubitanda
2583 2140 2736 2200 sunt

250 2250 528 2323 propter
574 2261 875 2322 magnum
922 2239 1293 2306 Germanici
1338 2238 1646 2311 tovoreim

476 2350 680 2414 Forte
724 2348 1189 2428 negotiatores,
1238 2347 1346 2425 qui
1393 2366 1474 2409 ex
1519 2345 1788 2411 Oriente
1836 2352 1991 2412 ante
2037 2354 2356 2414 mortuum
2390 2349 2731 2415 Germani-

255 2475 399 2522 cum
449 2455 727 2538 profecti
775 2460 991 2534 erant,
1050 2453 1328 2519 laetiora
1387 2454 1467 2518 de
1537 2454 1674 2519 eius
1738 2455 2115 2521 valetudine
2183 2457 2504 2538 tulerunt,
2567 2477 2733 2539 quae

258 2565 571 2643 populum
617 2581 854 2643 magno
903 2561 1242 2626 afficerent
1284 2561 1540 2642 gaudio.
1613 2559 1805 2642 „Nec
1852 2563 2114 2627 obstitit
2155 2565 2360 2647 salsis
2407 2564 2735 2641 Tiberius,

260 2669 477 2732 doncc
523 2672 749 2753 spatio
797 2678 860 2729 et
908 2677 1200 2751 cenopore
1243 2678 1728 2746 vnum-erent,-
1784 2678 1846 2731 et
1889 2671 2182 2752 populus
2225 2674 2423 2754 qnasi
2464 2695 2729 2737 rursum

262 2787 566 2861 ereptum
614 2778 841 2839 acrim-
903 2775 1118 2837 doluit
1156 2776 1279 2856 ι).“
1372 2775 1535 2839 Sunt
1601 2776 1708 2854 qui
1753 2778 1915 2841 haec
1960 2796 2211 2857 quoqne
2258 2780 2458 2843 verba
2503 2780 2733 2844 Tacito

264 2884 524 2948 crimini
583 2883 769 2962 dent,
847 2881 1033 2961 quasi
1093 2882 1170 2944 iis
1233 2880 1558 2945 Tiberium
1615 2883 2064 2962 reprehendat.
2173 2885 2298 2949 Sed
2366 2904 2448 2949 ex
2522 2887 2739 2952 Taciti

264 2992 527 3055 ratione
574 2989 830 3054 dicendi
889 2987 1237 3052 verisimile
1285 2995 1416 3067 est,
1487 2988 1816 3053 invenisse
1863 3007 2004 3054 eum
2049 2993 2220 3056 hanc
2263 3011 2396 3057 rem
2442 2994 2510 3057 in
2554 2992 2735 3058 fonte

267 3115 421 3177 suc,
487 3096 710 3161 addita
768 3094 1048 3158 fortasse
1109 3093 1613 3173 reprehensione
1680 3094 1746 3161 in
1827 3094 2170 3160 Tiberium.
2279 3094 2435 3159 Cum
2514 3101 2733 3159 autem

267 3202 417 3267 sine
460 3204 558 3267 ira
605 3208 671 3265 et
715 3201 929 3265 studio
987 3200 1269 3265 scribere
1316 3200 1642 3278 studeret,
1692 3202 1987 3268 omisisse
2032 3203 2292 3268 videtur
2334 3203 2737 3283 reprehensi-

272 3328 464 3374 onem
538 3316 605 3373 et
660 3307 1009 3373 tradidisse
1078 3307 1281 3370 solam
1350 3324 1512 3386 rem,
1561 3326 1691 3371 non
1761 3309 2094 3374 obstitisse
2156 3309 2483 3374 Tiberium
2543 3307 2729 3374 falsis

271 3415 671 3480 rumoribus:
749 3414 915 3493 quod
978 3432 1095 3477 nos
1169 3411 1429 3476 Tiberio
1494 3414 1837 3493 opprobrio
1912 3435 2042 3480 non
2120 3416 2363 3480 damus.
2472 3414 2578 3478 Ex
2636 3414 2739 3480 his

273 3528 493 3586 autem
539 3521 832 3585 omnibus
875 3521 1066 3583 rebus
1090 3518 1552 3600 intellegimus,
1601 3515 1883 3601 quantus
1929 3522 2126 3587 fuerit
2168 3523 2232 3587 in
2280 3521 2738 3588 Germanicum

276 3647 475 3691 amor.
566 3627 756 3692 Multi
801 3627 1031 3690 deinde
1076 3627 1355 3690 honores
1400 3627 1789 3693 Germanico
1836 3635 2086 3694 mortuo
2133 3649 2171 3693 a
2217 3634 2450 3694 senatu
2494 3627 2743 3693 decreti

277 3742 461 3809 sunt,
549 3753 708 3814 quos
783 3751 1161 3797 enumerare
1224 3752 1774 3814 supervacaneum
1842 3741 1966 3817 est,
2047 3754 2189 3799 cum
2237 3754 2317 3799 ex
2393 3735 2474 3800 iis
2522 3734 2742 3800 Tiberi

280 3840 530 3905 animus
576 3859 703 3904 non
751 3839 959 3919 possit
1003 3840 1324 3920 cognosci.
1418 3841 1585 3920 Quid
1632 3841 1803 3908 enim
1847 3842 2065 3906 Tiberi
2110 3842 2429 3906 intererat
2487 3847 2740 3905 mortuo

279 3944 668 4011 Germanico
731 3965 1008 4009 summos
1081 3947 1359 4009 honores
1417 3947 1657 4010 tribui?
1743 3947 1811 4011 Si
1878 3948 2175 4036 cuiquam
2243 3947 2549 4028 prodesse
2617 3947 2738 4011 hoc

281 4053 518 4131 potuit..
567 4059 742 4115 certe
790 4051 1046 4115 Tiberio
1093 4053 1353 4134 profuit,
1401 4053 1507 4132 qui
1552 4055 1674 4118 hoc
1721 4055 1907 4119 modo
1956 4073 2238 4119 amorem
2282 4053 2349 4118 in
2396 4052 2735 4119 Germani-

284 4172 426 4219 cum
472 4154 835 4234 simulavit,
883 4159 955 4218 ut
1022 4161 1339 4219 maestum
1401 4157 1705 4237 populum
1763 4156 1888 4222 sibi
1947 4155 2416 4222 reconciliaret.
2509 4152 2740 4236 „Cete-

497 4516 552 4581 ι)
590 4516 728 4573 Ann.
767 4509 821 4569 II
856 4512 941 4572 82.
