<?xml version="1.0" encoding="UTF-8"?>
<!DOCTYPE html PUBLIC "-//W3C//DTD XHTML 1.0 Transitional//EN"
    "http://www.w3.org/TR/xhtml1/DTD/xhtml1-transitional.dtd">
<html xmlns="http://www.w3.org/1999/xhtml" xml:lang="en" lang="en">
 <head>
  <title>
</title>
<meta http-equiv="Content-Type" content="text/html;charset=utf-8" />
  <meta name='ocr-system' content='tesseract 3.04.00' />
  <meta name='ocr-capabilities' content='ocr_page ocr_carea ocr_par ocr_line ocrx_word'/>
</head>
<body>
  <div class='ocr_page' id='page_1' title='image "./utrummetueritti00ferbgoog_0016.png"; bbox 0 0 3144 4920; ppageno 0'>
   <div class='ocr_carea' id='block_1_1' title="bbox 1244 232 1631 288">
    <p class='ocr_par' dir='ltr' id='par_1_1' title="bbox 1244 232 1631 288">
     <span class='ocr_line' id='line_1_1' title="bbox 1244 232 1631 288; baseline 0.005 -18"><span class='ocrx_word' id='word_1_1' title='bbox 1244 232 1631 288; x_wconf 66' lang='lat'>...8-</span> 
     </span>
    </p>
   </div>
   <div class='ocr_carea' id='block_1_2' title="bbox 203 411 2677 2411">
    <p class='ocr_par' dir='ltr' id='par_1_2' title="bbox 203 411 2675 1773">
     <span class='ocr_line' id='line_1_2' title="bbox 210 411 2672 497; baseline 0 -17"><span class='ocrx_word' id='word_1_2' title='bbox 210 413 578 497; x_wconf 91' lang='lat' dir='ltr'><strong>opinionem</strong></span> <span class='ocrx_word' id='word_1_3' title='bbox 622 412 1023 478; x_wconf 89' lang='lat' dir='ltr'><strong>inciderunt:</strong></span> <span class='ocrx_word' id='word_1_4' title='bbox 1079 411 1143 494; x_wconf 82' lang='grc'><strong>1)</strong></span> <span class='ocrx_word' id='word_1_5' title='bbox 1190 430 1399 492; x_wconf 88' lang='lat' dir='ltr'><strong>neque</strong></span> <span class='ocrx_word' id='word_1_6' title='bbox 1433 414 1665 483; x_wconf 68' lang='lat' dir='ltr'><strong>‚autem</strong></span> <span class='ocrx_word' id='word_1_7' title='bbox 1689 411 1899 494; x_wconf 87' lang='lat' dir='ltr'><strong>video,</strong></span> <span class='ocrx_word' id='word_1_8' title='bbox 1948 433 2062 478; x_wconf 87' lang='lat' dir='ltr'><strong>cur</strong></span> <span class='ocrx_word' id='word_1_9' title='bbox 2086 415 2469 496; x_wconf 80' lang='lat' dir='ltr'><strong>diibitemuS‚</strong></span> <span class='ocrx_word' id='word_1_10' title='bbox 2518 415 2672 496; x_wconf 88' lang='lat' dir='ltr'><strong>quin</strong></span> 
     </span>
     <span class='ocr_line' id='line_1_3' title="bbox 206 516 2673 600; baseline -0 -14"><span class='ocrx_word' id='word_1_11' title='bbox 206 522 457 586; x_wconf 86' lang='lat' dir='ltr'>Drusus</span> <span class='ocrx_word' id='word_1_12' title='bbox 518 519 716 584; x_wconf 86' lang='lat' dir='ltr'><strong>fuerit</strong></span> <span class='ocrx_word' id='word_1_13' title='bbox 780 520 971 582; x_wconf 89' lang='lat' dir='ltr'><strong>heres</strong></span> <span class='ocrx_word' id='word_1_14' title='bbox 1038 516 1225 598; x_wconf 87' lang='lat' dir='ltr'><strong>regni</strong></span> <span class='ocrx_word' id='word_1_15' title='bbox 1294 522 1362 580; x_wconf 92' lang='lat' dir='ltr'><strong>et</strong></span> <span class='ocrx_word' id='word_1_16' title='bbox 1427 522 1579 599; x_wconf 87' lang='lat' dir='ltr'><strong>post</strong></span> <span class='ocrx_word' id='word_1_17' title='bbox 1643 519 1813 582; x_wconf 90' lang='lat' dir='ltr'><strong>hunc</strong></span> <span class='ocrx_word' id='word_1_18' title='bbox 1875 520 2205 600; x_wconf 87' lang='lat' dir='ltr'><strong>proximus</strong></span> <span class='ocrx_word' id='word_1_19' title='bbox 2276 522 2673 587; x_wconf 79' lang='lat' dir='ltr'>successioni</span> 
     </span>
     <span class='ocr_line' id='line_1_4' title="bbox 205 623 2670 718; baseline 0 -26"><span class='ocrx_word' id='word_1_20' title='bbox 205 626 648 692; x_wconf 85' lang='lat' dir='ltr'><strong>Germanicus.</strong></span> <span class='ocrx_word' id='word_1_21' title='bbox 755 625 977 704; x_wconf 92' lang='lat' dir='ltr'><strong>Neque</strong></span> <span class='ocrx_word' id='word_1_22' title='bbox 1046 623 1216 688; x_wconf 90' lang='lat' dir='ltr'><strong>enim</strong></span> <span class='ocrx_word' id='word_1_23' title='bbox 1285 642 1365 685; x_wconf 85' lang='lat' dir='ltr'><strong>ex</strong></span> <span class='ocrx_word' id='word_1_24' title='bbox 1430 623 1574 687; x_wconf 88' lang='lat' dir='ltr'><strong>loco</strong></span> <span class='ocrx_word' id='word_1_25' title='bbox 1619 623 1750 704; x_wconf 83' lang='lat' dir='ltr'><strong>illo,</strong></span> <span class='ocrx_word' id='word_1_26' title='bbox 1809 643 1997 718; x_wconf 87' lang='lat' dir='ltr'><strong>quem</strong></span> <span class='ocrx_word' id='word_1_27' title='bbox 2063 627 2362 697; x_wconf 82' lang='lat' dir='ltr'><strong>afferunt.</strong></span> <span class='ocrx_word' id='word_1_28' title='bbox 2414 626 2520 693; x_wconf 90' lang='lat' dir='ltr'><strong>IV.</strong></span> <span class='ocrx_word' id='word_1_29' title='bbox 2593 635 2670 692; x_wconf 86' lang='lat'><strong>57</strong></span> 
     </span>
     <span class='ocr_line' id='line_1_5' title="bbox 203 729 2672 815; baseline 0 -17"><span class='ocrx_word' id='word_1_30' title='bbox 203 733 630 815; x_wconf 72' lang='lat' dir='ltr'><strong>„dubitaverat</strong></span> <span class='ocrx_word' id='word_1_31' title='bbox 672 733 992 815; x_wconf 69' lang='lat' dir='ltr'><strong>Auyustus</strong></span> <span class='ocrx_word' id='word_1_32' title='bbox 1058 729 1502 795; x_wconf 53' lang='lat' dir='ltr'><strong>Germanicum&gt;</strong></span> <span class='ocrx_word' id='word_1_33' title='bbox 1563 730 1793 795; x_wconf 74' lang='lat' dir='ltr'><strong>sororis</strong></span> <span class='ocrx_word' id='word_1_34' title='bbox 1856 739 2126 812; x_wconf 52' lang='lat' dir='ltr'><strong>impotem</strong></span> <span class='ocrx_word' id='word_1_35' title='bbox 2170 741 2226 799; x_wconf 74' lang='lat' dir='ltr'><strong>et</strong></span> <span class='ocrx_word' id='word_1_36' title='bbox 2266 735 2502 801; x_wconf 74' lang='lat' dir='ltr'><strong>cunctis</strong></span> <span class='ocrx_word' id='word_1_37' title='bbox 2544 736 2672 800; x_wconf 77' lang='lat' dir='ltr'><strong>Zau-</strong></span> 
     </span>
     <span class='ocr_line' id='line_1_6' title="bbox 203 837 2673 921; baseline 0 -15"><span class='ocrx_word' id='word_1_38' title='bbox 203 843 437 921; x_wconf 76' lang='lat' dir='ltr'><strong>datum,</strong></span> <span class='ocrx_word' id='word_1_39' title='bbox 482 839 576 905; x_wconf 78' lang='lat' dir='ltr'><strong>rei</strong></span> <span class='ocrx_word' id='word_1_40' title='bbox 620 840 942 903; x_wconf 78' lang='lat' dir='ltr'><em>Romanae</em></span> <span class='ocrx_word' id='word_1_41' title='bbox 992 837 1321 918; x_wconf 72' lang='lat' dir='ltr'><em>imponere,</em></span> <span class='ocrx_word' id='word_1_42' title='bbox 1366 838 1473 900; x_wconf 77' lang='lat' dir='ltr'><strong>sed</strong></span> <span class='ocrx_word' id='word_1_43' title='bbox 1518 837 1810 919; x_wconf 73' lang='lat' dir='ltr'><strong>precibus</strong></span> <span class='ocrx_word' id='word_1_44' title='bbox 1869 839 2085 903; x_wconf 71' lang='lat' dir='ltr'><strong>uxoris</strong></span> <span class='ocrx_word' id='word_1_45' title='bbox 2142 840 2370 905; x_wconf 74' lang='lat' dir='ltr'><strong>evictus</strong></span> <span class='ocrx_word' id='word_1_46' title='bbox 2431 842 2673 907; x_wconf 77' lang='lat' dir='ltr'><strong>Tiberio</strong></span> 
     </span>
     <span class='ocr_line' id='line_1_7' title="bbox 215 943 2672 1026; baseline 0 -14"><span class='ocrx_word' id='word_1_47' title='bbox 215 946 679 1026; x_wconf 73' lang='lat' dir='ltr'><strong>Germanicum,</strong></span> <span class='ocrx_word' id='word_1_48' title='bbox 725 945 845 1009; x_wconf 73' lang='lat' dir='ltr'><strong>sibi</strong></span> <span class='ocrx_word' id='word_1_49' title='bbox 897 943 1214 1008; x_wconf 74' lang='lat' dir='ltr'><strong><em>Tiberium</em></strong></span> <span class='ocrx_word' id='word_1_50' title='bbox 1258 943 1559 1009; x_wconf 52' lang='grc' dir='ltr'><strong>ιιᾶ.ςσ”ιύἰῖιέ(ί</strong></span> <span class='ocrx_word' id='word_1_51' title='bbox 1625 943 1970 1024; x_wconf 82' lang='lat' dir='ltr'><strong>quidquam</strong></span> <span class='ocrx_word' id='word_1_52' title='bbox 2018 944 2299 1009; x_wconf 84' lang='lat' dir='ltr'><strong>efficitur</strong></span> <span class='ocrx_word' id='word_1_53' title='bbox 2342 946 2469 1012; x_wconf 91' lang='lat' dir='ltr'><strong>nisi</strong></span> <span class='ocrx_word' id='word_1_54' title='bbox 2515 948 2672 1013; x_wconf 86' lang='lat' dir='ltr'><strong>Ger-</strong></span> 
     </span>
     <span class='ocr_line' id='line_1_8' title="bbox 208 1049 2675 1133; baseline 0 -15"><span class='ocrx_word' id='word_1_55' title='bbox 208 1053 527 1118; x_wconf 88' lang='lat' dir='ltr'><strong>manicum</strong></span> <span class='ocrx_word' id='word_1_56' title='bbox 575 1072 614 1116; x_wconf 87' lang='lat' dir='ltr'><strong>a</strong></span> <span class='ocrx_word' id='word_1_57' title='bbox 660 1049 921 1115; x_wconf 93' lang='lat' dir='ltr'><strong>Tiberio</strong></span> <span class='ocrx_word' id='word_1_58' title='bbox 969 1049 1348 1131; x_wconf 85' lang='lat' dir='ltr'><strong>adoptatum</strong></span> <span class='ocrx_word' id='word_1_59' title='bbox 1396 1067 1542 1115; x_wconf 88' lang='lat' dir='ltr'><strong>esse</strong></span> <span class='ocrx_word' id='word_1_60' title='bbox 1589 1054 1854 1114; x_wconf 87' lang='lat' dir='ltr'><strong>auctore</strong></span> <span class='ocrx_word' id='word_1_61' title='bbox 1899 1052 2216 1133; x_wconf 77' lang='lat' dir='ltr'><strong>Augusto,</strong></span> <span class='ocrx_word' id='word_1_62' title='bbox 2309 1051 2437 1116; x_wconf 83' lang='lat' dir='ltr'><strong>Sed</strong></span> <span class='ocrx_word' id='word_1_63' title='bbox 2484 1060 2675 1120; x_wconf 86' lang='lat' dir='ltr'><strong>erant</strong></span> 
     </span>
     <span class='ocr_line' id='line_1_9' title="bbox 206 1154 2673 1240; baseline 0 -16"><span class='ocrx_word' id='word_1_64' title='bbox 206 1164 361 1240; x_wconf 87' lang='lat' dir='ltr'><strong>tum,</strong></span> <span class='ocrx_word' id='word_1_65' title='bbox 408 1158 517 1238; x_wconf 92' lang='lat' dir='ltr'><strong>qui</strong></span> <span class='ocrx_word' id='word_1_66' title='bbox 561 1157 920 1237; x_wconf 74' lang='lat' dir='ltr'><strong>crederent,</strong></span> <span class='ocrx_word' id='word_1_67' title='bbox 965 1154 1424 1222; x_wconf 81' lang='lat' dir='ltr'><strong>Germanicum</strong></span> <span class='ocrx_word' id='word_1_68' title='bbox 1469 1156 1864 1220; x_wconf 83' lang='lat' dir='ltr'><strong>successioni</strong></span> <span class='ocrx_word' id='word_1_69' title='bbox 1913 1157 2271 1238; x_wconf 84' lang='lat' dir='ltr'><strong>propiorem</strong></span> <span class='ocrx_word' id='word_1_70' title='bbox 2311 1176 2673 1238; x_wconf 89' lang='lat' dir='ltr'><strong>essequam</strong></span> 
     </span>
     <span class='ocr_line' id='line_1_10' title="bbox 207 1261 2672 1345; baseline -0.001 -15"><span class='ocrx_word' id='word_1_71' title='bbox 207 1265 553 1344; x_wconf 87' lang='lat' dir='ltr'><strong>Tiberium,</strong></span> <span class='ocrx_word' id='word_1_72' title='bbox 600 1282 743 1327; x_wconf 91' lang='lat' dir='ltr'><strong>cum</strong></span> <span class='ocrx_word' id='word_1_73' title='bbox 790 1266 966 1327; x_wconf 89' lang='lat' dir='ltr'><strong>esset</strong></span> <span class='ocrx_word' id='word_1_74' title='bbox 1007 1282 1137 1326; x_wconf 86' lang='lat' dir='ltr'><strong>non</strong></span> <span class='ocrx_word' id='word_1_75' title='bbox 1184 1261 1370 1326; x_wconf 89' lang='lat' dir='ltr'><strong>modo</strong></span> <span class='ocrx_word' id='word_1_76' title='bbox 1419 1261 1700 1326; x_wconf 83' lang='lat' dir='ltr'><strong>coniunx</strong></span> <span class='ocrx_word' id='word_1_77' title='bbox 1766 1263 2186 1345; x_wconf 76' lang='lat' dir='ltr'><strong>Agrippinae,</strong></span> <span class='ocrx_word' id='word_1_78' title='bbox 2256 1263 2469 1345; x_wconf 83' lang='lat' dir='ltr'><strong>neptis</strong></span> <span class='ocrx_word' id='word_1_79' title='bbox 2541 1266 2672 1329; x_wconf 90' lang='lat' dir='ltr'><strong>Au-</strong></span> 
     </span>
     <span class='ocr_line' id='line_1_11' title="bbox 206 1368 2662 1454; baseline -0.001 -17"><span class='ocrx_word' id='word_1_80' title='bbox 206 1371 400 1454; x_wconf 85' lang='lat' dir='ltr'><strong>gusti,</strong></span> <span class='ocrx_word' id='word_1_81' title='bbox 448 1370 564 1435; x_wconf 89' lang='lat' dir='ltr'><strong>sed</strong></span> <span class='ocrx_word' id='word_1_82' title='bbox 610 1368 810 1433; x_wconf 83' lang='lat' dir='ltr'><strong>etiam</strong></span> <span class='ocrx_word' id='word_1_83' title='bbox 853 1368 1135 1448; x_wconf 79' lang='lat' dir='ltr'><strong>Augusti</strong></span> <span class='ocrx_word' id='word_1_84' title='bbox 1180 1368 1420 1433; x_wconf 89' lang='lat' dir='ltr'><strong>sororis</strong></span> <span class='ocrx_word' id='word_1_85' title='bbox 1465 1388 1686 1449; x_wconf 89' lang='lat' dir='ltr'><strong>nepos.</strong></span> <span class='ocrx_word' id='word_1_86' title='bbox 1758 1368 1928 1449; x_wconf 78' lang='lat' dir='ltr'><strong>Quin</strong></span> <span class='ocrx_word' id='word_1_87' title='bbox 1948 1370 2142 1434; x_wconf 85' lang='lat' dir='ltr'><strong>etiam</strong></span> <span class='ocrx_word' id='word_1_88' title='bbox 2190 1372 2583 1450; x_wconf 70' lang='lat' dir='ltr'><strong>„dubitavera</strong></span> <span class='ocrx_word' id='word_1_89' title='bbox 2610 1374 2662 1451; x_wconf 86' lang='lat'><strong>,“</strong></span> 
     </span>
     <span class='ocr_line' id='line_1_12' title="bbox 206 1475 2671 1558; baseline -0 -15"><span class='ocrx_word' id='word_1_90' title='bbox 206 1483 280 1543; x_wconf 88' lang='lat' dir='ltr'><strong>ut</strong></span> <span class='ocrx_word' id='word_1_91' title='bbox 321 1476 621 1556; x_wconf 86' lang='lat' dir='ltr'><strong>vidimus,</strong></span> <span class='ocrx_word' id='word_1_92' title='bbox 673 1475 1037 1557; x_wconf 73' lang='lat' dir='ltr'><strong>„Auyustus</strong></span> <span class='ocrx_word' id='word_1_93' title='bbox 1090 1475 1533 1541; x_wconf 73' lang='lat' dir='ltr'><strong>Germanicum</strong></span> <span class='ocrx_word' id='word_1_94' title='bbox 1583 1476 1673 1540; x_wconf 73' lang='lat' dir='ltr'><strong>rei</strong></span> <span class='ocrx_word' id='word_1_95' title='bbox 1717 1476 2083 1558; x_wconf 59' lang='lat' dir='ltr'><strong>i›22120n.ere.“</strong></span> <span class='ocrx_word' id='word_1_96' title='bbox 2177 1479 2358 1557; x_wconf 71' lang='lat' dir='ltr'><strong>Quae</strong></span> <span class='ocrx_word' id='word_1_97' title='bbox 2403 1497 2543 1542; x_wconf 87' lang='lat' dir='ltr'><strong>cum</strong></span> <span class='ocrx_word' id='word_1_98' title='bbox 2576 1477 2671 1542; x_wconf 83' lang='lat' dir='ltr'><strong>ita</strong></span> 
     </span>
     <span class='ocr_line' id='line_1_13' title="bbox 209 1574 2672 1664; baseline 0 -16"><span class='ocrx_word' id='word_1_99' title='bbox 209 1588 448 1664; x_wconf 77' lang='lat' dir='ltr'><strong>essent,</strong></span> <span class='ocrx_word' id='word_1_100' title='bbox 493 1580 634 1647; x_wconf 90' lang='lat' dir='ltr'><strong>fieri</strong></span> <span class='ocrx_word' id='word_1_101' title='bbox 692 1574 923 1662; x_wconf 80' lang='lat' dir='ltr'><strong>pOtuit,</strong></span> <span class='ocrx_word' id='word_1_102' title='bbox 970 1584 1044 1644; x_wconf 89' lang='lat' dir='ltr'><strong>ut</strong></span> <span class='ocrx_word' id='word_1_103' title='bbox 1087 1580 1413 1646; x_wconf 84' lang='lat' dir='ltr'><strong>Tiberium</strong></span> <span class='ocrx_word' id='word_1_104' title='bbox 1459 1581 1803 1646; x_wconf 87' lang='lat' dir='ltr'><strong>invaderet</strong></span> <span class='ocrx_word' id='word_1_105' title='bbox 1845 1588 2075 1663; x_wconf 74' lang='lat' dir='ltr'><strong>metUS,</strong></span> <span class='ocrx_word' id='word_1_106' title='bbox 2122 1602 2202 1647; x_wconf 83' lang='lat' dir='ltr'><strong>ue</strong></span> <span class='ocrx_word' id='word_1_107' title='bbox 2248 1584 2672 1649; x_wconf 85' lang='lat' dir='ltr'><strong>Germanicus</strong></span> 
     </span>
     <span class='ocr_line' id='line_1_14' title="bbox 213 1687 1742 1773; baseline -0.002 -16"><span class='ocrx_word' id='word_1_108' title='bbox 213 1693 467 1773; x_wconf 78' lang='lat' dir='ltr'><strong>„habere</strong></span> <span class='ocrx_word' id='word_1_109' title='bbox 507 1687 849 1771; x_wconf 77' lang='lat' dir='ltr'><strong>imperium</strong></span> <span class='ocrx_word' id='word_1_110' title='bbox 895 1687 1101 1752; x_wconf 78' lang='lat' dir='ltr'><strong>mallet</strong></span> <span class='ocrx_word' id='word_1_111' title='bbox 1141 1709 1331 1769; x_wconf 78' lang='lat' dir='ltr'><strong>quam</strong></span> <span class='ocrx_word' id='word_1_112' title='bbox 1375 1691 1742 1770; x_wconf 63' lang='lat' dir='ltr'><strong>eapeetaref‘</strong></span> 
     </span>
    </p>

    <p class='ocr_par' dir='ltr' id='par_1_3' title="bbox 206 1793 2677 2411">
     <span class='ocr_line' id='line_1_15' title="bbox 419 1793 2676 1878; baseline -0.001 -16"><span class='ocrx_word' id='word_1_113' title='bbox 419 1795 547 1862; x_wconf 86' lang='lat' dir='ltr'><strong>Sed</strong></span> <span class='ocrx_word' id='word_1_114' title='bbox 589 1793 994 1876; x_wconf 86' lang='lat' dir='ltr'><strong>inquiramus</strong></span> <span class='ocrx_word' id='word_1_115' title='bbox 1044 1811 1123 1858; x_wconf 88' lang='lat' dir='ltr'><strong>ea</strong></span> <span class='ocrx_word' id='word_1_116' title='bbox 1169 1812 1336 1874; x_wconf 89' lang='lat' dir='ltr'><strong>quae</strong></span> <span class='ocrx_word' id='word_1_117' title='bbox 1380 1794 1656 1859; x_wconf 86' lang='lat' dir='ltr'><strong>tradidit</strong></span> <span class='ocrx_word' id='word_1_118' title='bbox 1722 1795 2024 1859; x_wconf 78' lang='lat' dir='ltr'><strong>Tacitus:</strong></span> <span class='ocrx_word' id='word_1_119' title='bbox 2085 1795 2213 1860; x_wconf 86' lang='lat' dir='ltr'><strong>iam</strong></span> <span class='ocrx_word' id='word_1_120' title='bbox 2257 1796 2442 1861; x_wconf 86' lang='lat' dir='ltr'><strong>initio</strong></span> <span class='ocrx_word' id='word_1_121' title='bbox 2489 1797 2676 1878; x_wconf 85' lang='lat' dir='ltr'><strong>regni</strong></span> 
     </span>
     <span class='ocr_line' id='line_1_16' title="bbox 210 1890 2675 1984; baseline -0.001 -15"><span class='ocrx_word' id='word_1_122' title='bbox 210 1903 311 1969; x_wconf 90' lang='lat' dir='ltr'><strong>sui</strong></span> <span class='ocrx_word' id='word_1_123' title='bbox 355 1901 686 1967; x_wconf 90' lang='lat' dir='ltr'><strong>Tiberium</strong></span> <span class='ocrx_word' id='word_1_124' title='bbox 729 1898 1042 1965; x_wconf 86' lang='lat' dir='ltr'><strong>metuisse</strong></span> <span class='ocrx_word' id='word_1_125' title='bbox 1087 1898 1542 1966; x_wconf 82' lang='lat' dir='ltr'><strong>Germanicum</strong></span> <span class='ocrx_word' id='word_1_126' title='bbox 1589 1901 1856 1966; x_wconf 77' lang='lat' dir='ltr'><strong>Tacitus</strong></span> <span class='ocrx_word' id='word_1_127' title='bbox 1902 1902 1970 1966; x_wconf 91' lang='lat' dir='ltr'><strong>in</strong></span> <span class='ocrx_word' id='word_1_128' title='bbox 2015 1901 2179 1966; x_wconf 91' lang='lat' dir='ltr'><strong>libro</strong></span> <span class='ocrx_word' id='word_1_129' title='bbox 2225 1890 2429 1984; x_wconf 85' lang='lat' dir='ltr'><strong>primo</strong></span> <span class='ocrx_word' id='word_1_130' title='bbox 2457 1903 2675 1966; x_wconf 87' lang='lat' dir='ltr'><strong>Anna-</strong></span> 
     </span>
     <span class='ocr_line' id='line_1_17' title="bbox 206 2005 2676 2090; baseline -0.001 -15"><span class='ocrx_word' id='word_1_131' title='bbox 206 2008 363 2075; x_wconf 90' lang='lat' dir='ltr'><strong>lium</strong></span> <span class='ocrx_word' id='word_1_132' title='bbox 406 2027 546 2090; x_wconf 86' lang='lat' dir='ltr'><strong>cap.</strong></span> <span class='ocrx_word' id='word_1_133' title='bbox 593 2007 737 2072; x_wconf 89' lang='lat' dir='ltr'><strong>VH.</strong></span> <span class='ocrx_word' id='word_1_134' title='bbox 785 2006 979 2088; x_wconf 85' lang='lat' dir='ltr'><strong>plane</strong></span> <span class='ocrx_word' id='word_1_135' title='bbox 1039 2005 1212 2069; x_wconf 89' lang='lat' dir='ltr'><strong>dicit.</strong></span> <span class='ocrx_word' id='word_1_136' title='bbox 1304 2005 1692 2072; x_wconf 85' lang='lat' dir='ltr'><strong>Cunctatum</strong></span> <span class='ocrx_word' id='word_1_137' title='bbox 1752 2026 1896 2072; x_wconf 90' lang='lat' dir='ltr'><strong>esse</strong></span> <span class='ocrx_word' id='word_1_138' title='bbox 1945 2008 2274 2073; x_wconf 90' lang='lat' dir='ltr'><strong>Tiberium</strong></span> <span class='ocrx_word' id='word_1_139' title='bbox 2337 2008 2676 2090; x_wconf 88' lang='lat' dir='ltr'><strong>imperium</strong></span> 
     </span>
     <span class='ocr_line' id='line_1_18' title="bbox 208 2112 2672 2198; baseline -0.001 -17"><span class='ocrx_word' id='word_1_140' title='bbox 208 2115 536 2196; x_wconf 89' lang='lat' dir='ltr'><strong>suscipere</strong></span> <span class='ocrx_word' id='word_1_141' title='bbox 568 2113 789 2197; x_wconf 92' lang='lat' dir='ltr'><strong>tribus</strong></span> <span class='ocrx_word' id='word_1_142' title='bbox 836 2112 1049 2177; x_wconf 87' lang='lat' dir='ltr'><strong>causis</strong></span> <span class='ocrx_word' id='word_1_143' title='bbox 1093 2116 1468 2193; x_wconf 89' lang='lat' dir='ltr'><strong>permotum.</strong></span> <span class='ocrx_word' id='word_1_144' title='bbox 1544 2164 1572 2193; x_wconf 88' lang='lat'>„</span> <span class='ocrx_word' id='word_1_145' title='bbox 1589 2115 1799 2179; x_wconf 73' lang='lat' dir='ltr'><strong>Causa</strong></span> <span class='ocrx_word' id='word_1_146' title='bbox 1830 2115 2177 2197; x_wconf 66' lang='lat' dir='ltr'><strong>praecipua</strong></span> <span class='ocrx_word' id='word_1_147' title='bbox 2213 2138 2288 2180; x_wconf 70' lang='lat' dir='ltr'><strong>ex</strong></span> <span class='ocrx_word' id='word_1_148' title='bbox 2306 2115 2672 2198; x_wconf 72' lang='lat' dir='ltr'><strong>formidine,</strong></span> 
     </span>
     <span class='ocr_line' id='line_1_19' title="bbox 206 2220 2675 2303; baseline -0.001 -15"><span class='ocrx_word' id='word_1_149' title='bbox 206 2246 284 2288; x_wconf 76' lang='lat' dir='ltr'><strong>ne</strong></span> <span class='ocrx_word' id='word_1_150' title='bbox 337 2221 765 2300; x_wconf 62' lang='lat' dir='ltr'><strong>Germaniam,</strong></span> <span class='ocrx_word' id='word_1_151' title='bbox 812 2220 885 2284; x_wconf 74' lang='lat' dir='ltr'><strong>in</strong></span> <span class='ocrx_word' id='word_1_152' title='bbox 928 2220 1110 2285; x_wconf 68' lang='lat' dir='ltr'><strong>ouius</strong></span> <span class='ocrx_word' id='word_1_153' title='bbox 1153 2242 1349 2284; x_wconf 76' lang='lat' dir='ltr'><strong>manu</strong></span> <span class='ocrx_word' id='word_1_154' title='bbox 1392 2226 1474 2284; x_wconf 72' lang='lat' dir='ltr'><strong>tot</strong></span> <span class='ocrx_word' id='word_1_155' title='bbox 1514 2221 1773 2303; x_wconf 58' lang='lat' dir='ltr'><strong>legiones</strong></span> <span class='ocrx_word' id='word_1_156' title='bbox 1815 2222 2118 2285; x_wconf 74' lang='lat' dir='ltr'><strong>immensa</strong></span> <span class='ocrx_word' id='word_1_157' title='bbox 2158 2222 2462 2286; x_wconf 69' lang='lat' dir='ltr'><strong>sociorum</strong></span> <span class='ocrx_word' id='word_1_158' title='bbox 2496 2221 2675 2286; x_wconf 71' lang='lat' dir='ltr'><strong>auxi-</strong></span> 
     </span>
     <span class='ocr_line' id='line_1_20' title="bbox 207 2325 2677 2411; baseline -0.001 -16"><span class='ocrx_word' id='word_1_159' title='bbox 207 2331 314 2411; x_wconf 76' lang='lat' dir='ltr'><strong>lia,</strong></span> <span class='ocrx_word' id='word_1_160' title='bbox 361 2329 564 2393; x_wconf 70' lang='lat' dir='ltr'><strong>mirus</strong></span> <span class='ocrx_word' id='word_1_161' title='bbox 607 2328 782 2409; x_wconf 75' lang='lat' dir='ltr'><strong>apud</strong></span> <span class='ocrx_word' id='word_1_162' title='bbox 812 2325 1121 2408; x_wconf 76' lang='lat' dir='ltr'><strong>populum</strong></span> <span class='ocrx_word' id='word_1_163' title='bbox 1161 2325 1371 2409; x_wconf 78' lang='lat' dir='ltr'><strong>favor,</strong></span> <span class='ocrx_word' id='word_1_164' title='bbox 1440 2329 1659 2392; x_wconf 76' lang='lat' dir='ltr'><strong>habere</strong></span> <span class='ocrx_word' id='word_1_165' title='bbox 1717 2327 2052 2409; x_wconf 69' lang='lat' dir='ltr'><strong>imperium</strong></span> <span class='ocrx_word' id='word_1_166' title='bbox 2116 2349 2305 2409; x_wconf 68' lang='lat' dir='ltr'><strong>quam·</strong></span> <span class='ocrx_word' id='word_1_167' title='bbox 2365 2335 2677 2410; x_wconf 74' lang='lat' dir='ltr'><strong>expectare</strong></span> 
     </span>
    </p>
   </div>
   <div class='ocr_carea' id='block_1_3' title="bbox 208 2432 615 2517">
    <p class='ocr_par' dir='ltr' id='par_1_4' title="bbox 208 2432 615 2517">
     <span class='ocr_line' id='line_1_21' title="bbox 208 2432 615 2517; baseline 0 -15"><span class='ocrx_word' id='word_1_168' title='bbox 208 2437 429 2503; x_wconf 76' lang='lat' dir='ltr'><strong>mallet.</strong></span> <span class='ocrx_word' id='word_1_169' title='bbox 439 2437 468 2469; x_wconf 86' lang='lat'><strong>“</strong></span> <span class='ocrx_word' id='word_1_170' title='bbox 544 2432 615 2517; x_wconf 73' lang='lat'><strong>²)</strong></span> 
     </span>
    </p>
   </div>
   <div class='ocr_carea' id='block_1_4' title="bbox 208 2558 2676 2963">
    <p class='ocr_par' dir='ltr' id='par_1_5' title="bbox 208 2558 2676 2963">
     <span class='ocr_line' id='line_1_22' title="bbox 423 2558 2674 2643; baseline -0 -16"><span class='ocrx_word' id='word_1_171' title='bbox 423 2561 631 2643; x_wconf 79' lang='lat' dir='ltr'><strong>Quam</strong></span> <span class='ocrx_word' id='word_1_172' title='bbox 673 2580 803 2625; x_wconf 89' lang='lat' dir='ltr'><strong>non</strong></span> <span class='ocrx_word' id='word_1_173' title='bbox 827 2558 1070 2625; x_wconf 84' lang='lat' dir='ltr'><strong>famam</strong></span> <span class='ocrx_word' id='word_1_174' title='bbox 1117 2578 1262 2625; x_wconf 89' lang='lat' dir='ltr'><strong>esse</strong></span> <span class='ocrx_word' id='word_1_175' title='bbox 1308 2561 1466 2626; x_wconf 89' lang='lat' dir='ltr'><strong>dicit</strong></span> <span class='ocrx_word' id='word_1_176' title='bbox 1508 2579 1716 2641; x_wconf 88' lang='lat' dir='ltr'><strong>neque</strong></span> <span class='ocrx_word' id='word_1_177' title='bbox 1763 2580 1945 2626; x_wconf 89' lang='lat' dir='ltr'><strong>suam</strong></span> <span class='ocrx_word' id='word_1_178' title='bbox 1970 2561 2381 2642; x_wconf 83' lang='lat' dir='ltr'><strong>sententiam,</strong></span> <span class='ocrx_word' id='word_1_179' title='bbox 2423 2599 2504 2605; x_wconf 85' lang='lat'><strong>—-</strong></span> <span class='ocrx_word' id='word_1_180' title='bbox 2550 2562 2674 2626; x_wconf 90' lang='lat' dir='ltr'><strong>hoc</strong></span> 
     </span>
     <span class='ocr_line' id='line_1_23' title="bbox 211 2666 2670 2747; baseline -0 -15"><span class='ocrx_word' id='word_1_181' title='bbox 211 2668 379 2733; x_wconf 88' lang='lat' dir='ltr'><strong>enim</strong></span> <span class='ocrx_word' id='word_1_182' title='bbox 425 2667 788 2733; x_wconf 88' lang='lat' dir='ltr'><strong>addidisset</strong></span> <span class='ocrx_word' id='word_1_183' title='bbox 831 2704 913 2711; x_wconf 95' lang='lat'>—</span> <span class='ocrx_word' id='word_1_184' title='bbox 958 2666 1075 2731; x_wconf 91' lang='lat' dir='ltr'><strong>sed</strong></span> <span class='ocrx_word' id='word_1_185' title='bbox 1120 2672 1368 2733; x_wconf 88' lang='lat' dir='ltr'><strong>certam</strong></span> <span class='ocrx_word' id='word_1_186' title='bbox 1410 2685 1563 2733; x_wconf 85' lang='lat' dir='ltr'><strong>rem.</strong></span> <span class='ocrx_word' id='word_1_187' title='bbox 1655 2668 1880 2747; x_wconf 92' lang='lat' dir='ltr'><strong>Neque</strong></span> <span class='ocrx_word' id='word_1_188' title='bbox 1928 2671 2030 2731; x_wconf 87' lang='lat' dir='ltr'><strong>est</strong></span> <span class='ocrx_word' id='word_1_189' title='bbox 2072 2666 2241 2747; x_wconf 92' lang='lat' dir='ltr'><strong>quod</strong></span> <span class='ocrx_word' id='word_1_190' title='bbox 2285 2666 2670 2733; x_wconf 83' lang='lat' dir='ltr'><strong>dubitemus:</strong></span> 
     </span>
     <span class='ocr_line' id='line_1_24' title="bbox 211 2771 2673 2855; baseline -0 -16"><span class='ocrx_word' id='word_1_191' title='bbox 211 2774 349 2839; x_wconf 85' lang='lat' dir='ltr'><strong>sine</strong></span> <span class='ocrx_word' id='word_1_192' title='bbox 395 2774 590 2838; x_wconf 91' lang='lat' dir='ltr'><strong>dubio</strong></span> <span class='ocrx_word' id='word_1_193' title='bbox 638 2791 719 2836; x_wconf 84' lang='lat' dir='ltr'><strong>ex</strong></span> <span class='ocrx_word' id='word_1_194' title='bbox 760 2771 1050 2837; x_wconf 86' lang='lat' dir='ltr'><strong>fontibus</strong></span> <span class='ocrx_word' id='word_1_195' title='bbox 1097 2776 1229 2840; x_wconf 91' lang='lat' dir='ltr'><strong>suis</strong></span> <span class='ocrx_word' id='word_1_196' title='bbox 1275 2773 1497 2841; x_wconf 86' lang='lat' dir='ltr'><strong>hausit</strong></span> <span class='ocrx_word' id='word_1_197' title='bbox 1539 2774 1722 2854; x_wconf 83' lang='lat' dir='ltr'><strong>haec,</strong></span> <span class='ocrx_word' id='word_1_198' title='bbox 1769 2793 1918 2854; x_wconf 83' lang='lat' dir='ltr'><strong>non,</strong></span> <span class='ocrx_word' id='word_1_199' title='bbox 1964 2777 2038 2837; x_wconf 89' lang='lat' dir='ltr'><strong>ut</strong></span> <span class='ocrx_word' id='word_1_200' title='bbox 2082 2772 2307 2837; x_wconf 89' lang='lat' dir='ltr'><strong>dicunt</strong></span> <span class='ocrx_word' id='word_1_201' title='bbox 2348 2772 2673 2855; x_wconf 83' lang='lat' dir='ltr'><strong>vitupera-</strong></span> 
     </span>
     <span class='ocr_line' id='line_1_25' title="bbox 208 2877 2676 2963; baseline 0 -18"><span class='ocrx_word' id='word_1_202' title='bbox 208 2885 386 2946; x_wconf 84' lang='lat' dir='ltr'><strong>tores</strong></span> <span class='ocrx_word' id='word_1_203' title='bbox 433 2880 589 2961; x_wconf 82' lang='lat' dir='ltr'><strong>eiuS‚</strong></span> <span class='ocrx_word' id='word_1_204' title='bbox 635 2877 841 2943; x_wconf 84' lang='lat' dir='ltr'><strong>finxit.</strong></span> <span class='ocrx_word' id='word_1_205' title='bbox 911 2878 1003 2943; x_wconf 89' lang='lat' dir='ltr'><strong>Ut</strong></span> <span class='ocrx_word' id='word_1_206' title='bbox 1034 2878 1207 2960; x_wconf 87' lang='lat' dir='ltr'><strong>apud</strong></span> <span class='ocrx_word' id='word_1_207' title='bbox 1250 2881 1369 2944; x_wconf 90' lang='lat' dir='ltr'><strong>hos</strong></span> <span class='ocrx_word' id='word_1_208' title='bbox 1411 2878 1683 2962; x_wconf 86' lang='lat' dir='ltr'><strong>invenit,</strong></span> <span class='ocrx_word' id='word_1_209' title='bbox 1729 2880 1825 2945; x_wconf 88' lang='lat' dir='ltr'><strong>ita</strong></span> <span class='ocrx_word' id='word_1_210' title='bbox 1869 2880 2057 2945; x_wconf 90' lang='lat' dir='ltr'><strong>fidem</strong></span> <span class='ocrx_word' id='word_1_211' title='bbox 2103 2879 2183 2946; x_wconf 89' lang='lat' dir='ltr'><strong>iis</strong></span> <span class='ocrx_word' id='word_1_212' title='bbox 2229 2879 2458 2946; x_wconf 89' lang='lat' dir='ltr'><strong>habuit</strong></span> <span class='ocrx_word' id='word_1_213' title='bbox 2480 2885 2676 2963; x_wconf 90' lang='lat' dir='ltr'><strong>atque</strong></span> 
     </span>
    </p>
   </div>
   <div class='ocr_carea' id='block_1_5' title="bbox 217 3140 833 3152">
    <p class='ocr_par' dir='ltr' id='par_1_6' title="bbox 217 3140 833 3152">
     <span class='ocr_line' id='line_1_26' title="bbox 217 3140 833 3152; baseline -0.005 -1"><span class='ocrx_word' id='word_1_214' title='bbox 217 3140 833 3152; x_wconf 76' lang='lat'><strong>———————·——-—-—————-</strong></span> 
     </span>
    </p>
   </div>
   <div class='ocr_carea' id='block_1_6' title="bbox 212 3339 2680 4010">
    <p class='ocr_par' dir='ltr' id='par_1_7' title="bbox 212 3339 2680 4010">
     <span class='ocr_line' id='line_1_27' title="bbox 425 3339 2678 3412; baseline -0 -16"><span class='ocrx_word' id='word_1_215' title='bbox 425 3348 472 3405; x_wconf 89' lang='lat'><strong>¹)</strong></span> <span class='ocrx_word' id='word_1_216' title='bbox 510 3343 600 3397; x_wconf 86' lang='lat' dir='ltr'><strong>Ita</strong></span> <span class='ocrx_word' id='word_1_217' title='bbox 641 3341 887 3396; x_wconf 87' lang='lat' dir='ltr'><strong>Schiller</strong></span> <span class='ocrx_word' id='word_1_218' title='bbox 926 3339 1065 3393; x_wconf 88' lang='lat' dir='ltr'><strong>dicit</strong></span> <span class='ocrx_word' id='word_1_219' title='bbox 1103 3341 1250 3409; x_wconf 86' lang='lat' dir='ltr'><strong>(pag.</strong></span> <span class='ocrx_word' id='word_1_220' title='bbox 1303 3343 1440 3404; x_wconf 67' lang='lat'>³250).</span> <span class='ocrx_word' id='word_1_221' title='bbox 1526 3345 1840 3412; x_wconf 72' lang='lat' dir='ltr'><strong>„Anqustus</strong></span> <span class='ocrx_word' id='word_1_222' title='bbox 1878 3357 2077 3410; x_wconf 74' lang='lat' dir='ltr'><strong>zwany</strong></span> <span class='ocrx_word' id='word_1_223' title='bbox 2115 3341 2215 3394; x_wconf 78' lang='lat' dir='ltr'><strong>den</strong></span> <span class='ocrx_word' id='word_1_224' title='bbox 2264 3341 2531 3407; x_wconf 79' lang='lat' dir='ltr'><strong>Tiberius,</strong></span> <span class='ocrx_word' id='word_1_225' title='bbox 2572 3341 2678 3395; x_wconf 81' lang='lat' dir='ltr'><strong>den</strong></span> 
     </span>
     <span class='ocr_line' id='line_1_28' title="bbox 218 3424 2678 3492; baseline -0.002 -8"><span class='ocrx_word' id='word_1_226' title='bbox 218 3428 579 3484; x_wconf 77' lang='lat' dir='ltr'><strong>Germanicus</strong></span> <span class='ocrx_word' id='word_1_227' title='bbox 636 3427 720 3479; x_wconf 81' lang='lat' dir='ltr'><strong>als</strong></span> <span class='ocrx_word' id='word_1_228' title='bbox 770 3424 926 3478; x_wconf 80' lang='lat' dir='ltr'><strong>Solm</strong></span> <span class='ocrx_word' id='word_1_229' title='bbox 982 3426 1384 3492; x_wconf 79' lang='lat' dir='ltr'><strong>anzunehmen,</strong></span> <span class='ocrx_word' id='word_1_230' title='bbox 1440 3429 1713 3482; x_wconf 72' lang='lat' dir='ltr'><strong>wc&#39;z&#39;hrend</strong></span> <span class='ocrx_word' id='word_1_231' title='bbox 1750 3428 1865 3480; x_wconf 78' lang='lat' dir='ltr'><strong>sein</strong></span> <span class='ocrx_word' id='word_1_232' title='bbox 1927 3426 2210 3479; x_wconf 74' lang='lat' dir='ltr'><strong>leibliclzer</strong></span> <span class='ocrx_word' id='word_1_233' title='bbox 2257 3426 2412 3479; x_wconf 81' lang='lat' dir='ltr'><strong>Sohn</strong></span> <span class='ocrx_word' id='word_1_234' title='bbox 2468 3427 2678 3480; x_wconf 80' lang='lat' dir='ltr'><strong>Drusus</strong></span> 
     </span>
     <span class='ocr_line' id='line_1_29' title="bbox 214 3509 2679 3583; baseline -0.001 -17"><span class='ocrx_word' id='word_1_235' title='bbox 214 3514 821 3581; x_wconf 72' lang='lat' dir='ltr'><strong>hintanqesetzt</strong></span> <span class='ocrx_word' id='word_1_236' title='bbox 879 3509 1132 3575; x_wconf 76' lang='lat' dir='ltr'><strong>wurde‚“</strong></span> <span class='ocrx_word' id='word_1_237' title='bbox 1189 3518 1245 3566; x_wconf 88' lang='lat' dir='ltr'><strong>et</strong></span> <span class='ocrx_word' id='word_1_238' title='bbox 1291 3530 1419 3582; x_wconf 86' lang='lat' dir='ltr'><strong>pag.</strong></span> <span class='ocrx_word' id='word_1_239' title='bbox 1481 3515 1605 3571; x_wconf 61' lang='lat'>⁶258:</span> <span class='ocrx_word' id='word_1_240' title='bbox 1647 3516 1752 3583; x_wconf 66' lang='lat' dir='ltr'><strong>„ja</strong></span> <span class='ocrx_word' id='word_1_241' title='bbox 1812 3529 1864 3564; x_wconf 77' lang='lat' dir='ltr'><strong>es</strong></span> <span class='ocrx_word' id='word_1_242' title='bbox 1934 3511 2163 3570; x_wconf 77' lang='lat' dir='ltr'><strong>scheint,</strong></span> <span class='ocrx_word' id='word_1_243' title='bbox 2223 3513 2352 3564; x_wconf 82' lang='lat' dir='ltr'><strong>dass</strong></span> <span class='ocrx_word' id='word_1_244' title='bbox 2408 3514 2679 3580; x_wconf 76' lang='lat' dir='ltr'><strong>Auyustus</strong></span> 
     </span>
     <span class='ocr_line' id='line_1_30' title="bbox 212 3596 2680 3666; baseline -0 -14"><span class='ocrx_word' id='word_1_245' title='bbox 212 3599 310 3652; x_wconf 67' lang='lat' dir='ltr'><strong>itm</strong></span> <span class='ocrx_word' id='word_1_246' title='bbox 348 3600 407 3666; x_wconf 90' lang='lat' dir='ltr'><strong>(i.</strong></span> <span class='ocrx_word' id='word_1_247' title='bbox 448 3615 494 3652; x_wconf 94' lang='lat' dir='ltr'><strong>e.</strong></span> <span class='ocrx_word' id='word_1_248' title='bbox 535 3598 947 3653; x_wconf 87' lang='lat' dir='ltr'><strong>Germanicum)</strong></span> <span class='ocrx_word' id='word_1_249' title='bbox 996 3597 1111 3647; x_wconf 81' lang='lat' dir='ltr'><strong>und</strong></span> <span class='ocrx_word' id='word_1_250' title='bbox 1146 3598 1292 3650; x_wconf 79' lang='lat' dir='ltr'><strong>seine</strong></span> <span class='ocrx_word' id='word_1_251' title='bbox 1346 3599 1556 3651; x_wconf 78' lang='lat' dir='ltr'><strong>Kinder</strong></span> <span class='ocrx_word' id='word_1_252' title='bbox 1582 3600 1699 3650; x_wconf 78' lang='lat' dir='ltr'><strong>dem</strong></span> <span class='ocrx_word' id='word_1_253' title='bbox 1745 3597 1990 3650; x_wconf 76' lang='lat' dir='ltr'><strong>Tiberius</strong></span> <span class='ocrx_word' id='word_1_254' title='bbox 2041 3612 2124 3647; x_wconf 83' lang='lat' dir='ltr'><strong>zu</strong></span> <span class='ocrx_word' id='word_1_255' title='bbox 2182 3596 2680 3651; x_wconf 78' lang='lat' dir='ltr'><strong>Thronerben</strong></span> 
     </span>
     <span class='ocr_line' id='line_1_31' title="bbox 217 3676 2675 3752; baseline 0.002 -15"><span class='ocrx_word' id='word_1_256' title='bbox 217 3676 340 3737; x_wconf 79' lang='lat' dir='ltr'><strong>be&#39;s</strong></span> <span class='ocrx_word' id='word_1_257' title='bbox 365 3686 607 3736; x_wconf 73' lang='lat' dir='ltr'><strong>timmt</strong></span> <span class='ocrx_word' id='word_1_258' title='bbox 665 3682 879 3735; x_wconf 70' lang='lat' dir='ltr'><strong>hatte.“</strong></span> <span class='ocrx_word' id='word_1_259' title='bbox 938 3682 1209 3736; x_wconf 83' lang='lat' dir='ltr'><strong>Similiter</strong></span> <span class='ocrx_word' id='word_1_260' title='bbox 1244 3684 1414 3737; x_wconf 81' lang='lat' dir='ltr'><strong>Peter</strong></span> <span class='ocrx_word' id='word_1_261' title='bbox 1451 3687 1598 3752; x_wconf 84' lang='lat' dir='ltr'><strong>(pag.</strong></span> <span class='ocrx_word' id='word_1_262' title='bbox 1647 3686 1791 3743; x_wconf 78' lang='grc'>141);</span> <span class='ocrx_word' id='word_1_263' title='bbox 1832 3683 2150 3747; x_wconf 72' lang='lat' dir='ltr'><strong>„Auqustus</strong></span> <span class='ocrx_word' id='word_1_264' title='bbox 2187 3683 2343 3750; x_wconf 68' lang='lat' dir='ltr'><strong>fayte</strong></span> <span class='ocrx_word' id='word_1_265' title='bbox 2378 3683 2493 3735; x_wconf 73' lang='lat' dir='ltr'><strong>ihm</strong></span> <span class='ocrx_word' id='word_1_266' title='bbox 2531 3686 2583 3738; x_wconf 82' lang='lat' dir='ltr'><strong>‹i.</strong></span> <span class='ocrx_word' id='word_1_267' title='bbox 2630 3702 2675 3738; x_wconf 83' lang='lat' dir='ltr'><strong>e.</strong></span> 
     </span>
     <span class='ocr_line' id='line_1_32' title="bbox 217 3766 2676 3838; baseline -0.002 -14"><span class='ocrx_word' id='word_1_268' title='bbox 217 3771 474 3828; x_wconf 85' lang='lat' dir='ltr'><strong>Tiberio)</strong></span> <span class='ocrx_word' id='word_1_269' title='bbox 514 3768 659 3822; x_wconf 75' lang='lat' dir='ltr'><strong>noch</strong></span> <span class='ocrx_word' id='word_1_270' title='bbox 707 3769 822 3819; x_wconf 79' lang='lat' dir='ltr'><strong>eine</strong></span> <span class='ocrx_word' id='word_1_271' title='bbox 879 3766 1179 3819; x_wconf 78' lang='lat' dir='ltr'><strong>besondere</strong></span> <span class='ocrx_word' id='word_1_272' title='bbox 1231 3768 1549 3838; x_wconf 73' lang='lat' dir='ltr'><strong>Krc&#39;inlcuny</strong></span> <span class='ocrx_word' id='word_1_273' title='bbox 1590 3767 1845 3820; x_wconf 76' lang='lat' dir='ltr'><strong>dadwrch.</strong></span> <span class='ocrx_word' id='word_1_274' title='bbox 1903 3783 1989 3824; x_wconf 81' lang='lat' dir='ltr'><strong>zu,</strong></span> <span class='ocrx_word' id='word_1_275' title='bbox 2033 3767 2161 3820; x_wconf 77' lang='lat' dir='ltr'><strong>class</strong></span> <span class='ocrx_word' id='word_1_276' title='bbox 2216 3785 2275 3821; x_wconf 81' lang='lat' dir='ltr'><strong>er</strong></span> <span class='ocrx_word' id='word_1_277' title='bbox 2311 3769 2408 3821; x_wconf 79' lang='lat' dir='ltr'><strong>ihn</strong></span> <span class='ocrx_word' id='word_1_278' title='bbox 2447 3770 2676 3836; x_wconf 70' lang='lat' dir='ltr'><strong>notiyte,</strong></span> 
     </span>
     <span class='ocr_line' id='line_1_33' title="bbox 219 3852 2678 3921; baseline -0.002 -13"><span class='ocrx_word' id='word_1_279' title='bbox 219 3857 325 3909; x_wconf 80' lang='lat' dir='ltr'><strong>den</strong></span> <span class='ocrx_word' id='word_1_280' title='bbox 366 3853 732 3909; x_wconf 78' lang='lat' dir='ltr'><strong>Germanicus</strong></span> <span class='ocrx_word' id='word_1_281' title='bbox 773 3869 841 3906; x_wconf 82' lang='lat' dir='ltr'><strong>zu</strong></span> <span class='ocrx_word' id='word_1_282' title='bbox 880 3852 1207 3921; x_wconf 74' lang='lat' dir='ltr'><strong>adoptieren</strong></span> <span class='ocrx_word' id='word_1_283' title='bbox 1242 3855 1357 3906; x_wconf 77' lang='lat' dir='ltr'><strong>und</strong></span> <span class='ocrx_word' id='word_1_284' title='bbox 1396 3855 1689 3908; x_wconf 76' lang='lat' dir='ltr'><strong>dadurc</strong></span> <span class='ocrx_word' id='word_1_285' title='bbox 1717 3853 1751 3905; x_wconf 85' lang='lat' dir='ltr'><em>h</em></span> <span class='ocrx_word' id='word_1_286' title='bbox 1798 3869 1886 3905; x_wconf 82' lang='lat' dir='ltr'><strong>zu</strong></span> <span class='ocrx_word' id='word_1_287' title='bbox 1945 3853 2227 3905; x_wconf 75' lang='lat' dir='ltr'><strong>seinem</strong></span> <span class='ocrx_word' id='word_1_288' title='bbox 2280 3853 2678 3920; x_wconf 74' lang='lat' dir='ltr'><strong>Nachsol-</strong></span> 
     </span>
     <span class='ocr_line' id='line_1_34' title="bbox 216 3939 1091 4010; baseline -0.003 -18"><span class='ocrx_word' id='word_1_289' title='bbox 216 3956 349 4010; x_wconf 66' lang='grc' dir='ltr'><strong>ρον</strong></span> <span class='ocrx_word' id='word_1_290' title='bbox 409 3955 495 3992; x_wconf 81' lang='lat' dir='ltr'><strong>zu</strong></span> <span class='ocrx_word' id='word_1_291' title='bbox 552 3939 1091 3993; x_wconf 73' lang='lat' dir='ltr'><strong>bestimmen.⁸‘</strong></span> 
     </span>
    </p>
   </div>
   <div class='ocr_carea' id='block_1_7' title="bbox 220 4039 2684 4458">
    <p class='ocr_par' dir='ltr' id='par_1_8' title="bbox 429 4039 2679 4112">
     <span class='ocr_line' id='line_1_35' title="bbox 429 4039 2679 4112; baseline 0 -17"><span class='ocrx_word' id='word_1_292' title='bbox 429 4041 485 4108; x_wconf 80' lang='lat'><strong>²)</strong></span> <span class='ocrx_word' id='word_1_293' title='bbox 528 4041 599 4095; x_wconf 87' lang='lat' dir='ltr'><strong>cf.</strong></span> <span class='ocrx_word' id='word_1_294' title='bbox 654 4043 762 4096; x_wconf 92' lang='lat' dir='ltr'><strong>Dio</strong></span> <span class='ocrx_word' id='word_1_295' title='bbox 818 4043 901 4098; x_wconf 83' lang='lat'><strong>57.</strong></span> <span class='ocrx_word' id='word_1_296' title='bbox 961 4042 1007 4098; x_wconf 87' lang='lat'><strong>3.</strong></span> <span class='ocrx_word' id='word_1_297' title='bbox 1089 4039 1123 4096; x_wconf 79' lang='grc' dir='ltr'><em>ὅ</em></span> <span class='ocrx_word' id='word_1_298' title='bbox 1177 4044 1238 4095; x_wconf 66' lang='lat'><strong>‹53-</strong></span> <span class='ocrx_word' id='word_1_299' title='bbox 1296 4041 1402 4098; x_wconf 71' lang='grc' dir='ltr'><strong>οὖν</strong></span> <span class='ocrx_word' id='word_1_300' title='bbox 1468 4051 1742 4112; x_wconf 73' lang='grc' dir='ltr'><strong><em>Τιβέριος</em></strong></span> <span class='ocrx_word' id='word_1_301' title='bbox 1796 4049 1979 4097; x_wconf 75' lang='grc' dir='ltr'><em>ταῦτα</em></span> <span class='ocrx_word' id='word_1_302' title='bbox 2018 4040 2146 4096; x_wconf 65' lang='lat' dir='ltr'><strong>‘tou</strong></span> <span class='ocrx_word' id='word_1_303' title='bbox 2206 4045 2391 4096; x_wconf 70' lang='grc' dir='ltr'><strong><em>ἐποίει</em></strong></span> <span class='ocrx_word' id='word_1_304' title='bbox 2445 4039 2515 4096; x_wconf 73' lang='grc' dir='ltr'><strong>τό</strong></span> <span class='ocrx_word' id='word_1_305' title='bbox 2568 4044 2679 4107; x_wconf 62' lang='grc' dir='ltr'><strong>μὲν</strong></span> 
     </span>
    </p>

    <p class='ocr_par' dir='ltr' id='par_1_9' title="bbox 220 4124 2680 4196">
     <span class='ocr_line' id='line_1_36' title="bbox 220 4124 2680 4196; baseline -0.001 -13"><span class='ocrx_word' id='word_1_306' title='bbox 220 4131 495 4183; x_wconf 77' lang='grc' dir='ltr'><em>πλεῖστον</em></span> <span class='ocrx_word' id='word_1_307' title='bbox 555 4127 648 4184; x_wconf 77' lang='grc' dir='ltr'><strong>ὅτι</strong></span> <span class='ocrx_word' id='word_1_308' title='bbox 705 4128 855 4183; x_wconf 70' lang='grc' dir='ltr'><em>οὕτω</em></span> <span class='ocrx_word' id='word_1_309' title='bbox 909 4150 966 4183; x_wconf 75' lang='grc' dir='ltr'><strong>τε</strong></span> <span class='ocrx_word' id='word_1_310' title='bbox 1027 4124 1301 4196; x_wconf 67' lang='grc' dir='ltr'><strong>ἐπεφύκει</strong></span> <span class='ocrx_word' id='word_1_311' title='bbox 1359 4132 1453 4182; x_wconf 84' lang='grc' dir='ltr'><strong>καὶ</strong></span> <span class='ocrx_word' id='word_1_312' title='bbox 1511 4127 1659 4182; x_wconf 71' lang='grc' dir='ltr'>οὕτω</span> <span class='ocrx_word' id='word_1_313' title='bbox 1719 4124 2028 4196; x_wconf 74' lang='grc' dir='ltr'><em>προῄρητο,</em></span> <span class='ocrx_word' id='word_1_314' title='bbox 2085 4126 2186 4193; x_wconf 70' lang='grc' dir='ltr'><strong>ἤδη</strong></span> <span class='ocrx_word' id='word_1_315' title='bbox 2244 4130 2303 4180; x_wconf 71' lang='grc' dir='ltr'><strong>δὲ</strong></span> <span class='ocrx_word' id='word_1_316' title='bbox 2366 4126 2458 4181; x_wconf 77' lang='grc' dir='ltr'><strong>ὅτι</strong></span> <span class='ocrx_word' id='word_1_317' title='bbox 2514 4126 2583 4182; x_wconf 77' lang='grc' dir='ltr'><strong>τά</strong></span> <span class='ocrx_word' id='word_1_318' title='bbox 2623 4149 2680 4181; x_wconf 71' lang='grc' dir='ltr'><strong>τε</strong></span> 
     </span>
    </p>

    <p class='ocr_par' dir='ltr' id='par_1_10' title="bbox 226 4209 2684 4281">
     <span class='ocr_line' id='line_1_37' title="bbox 226 4209 2684 4281; baseline 0 -15"><span class='ocrx_word' id='word_1_319' title='bbox 226 4209 627 4280; x_wconf 76' lang='grc' dir='ltr'><em>στρατεύματα</em></span> <span class='ocrx_word' id='word_1_320' title='bbox 684 4216 780 4268; x_wconf 78' lang='grc' dir='ltr'><strong>καὶ</strong></span> <span class='ocrx_word' id='word_1_321' title='bbox 833 4210 907 4268; x_wconf 67' lang='grc' dir='ltr'><strong>ἰα’</strong></span> <span class='ocrx_word' id='word_1_322' title='bbox 961 4210 1306 4268; x_wconf 77' lang='grc' dir='ltr'><em>Παννονικοέ</em></span> <span class='ocrx_word' id='word_1_323' title='bbox 1375 4216 1469 4267; x_wconf 81' lang='grc' dir='ltr'><strong>καὶ</strong></span> <span class='ocrx_word' id='word_1_324' title='bbox 1527 4210 1599 4266; x_wconf 73' lang='grc' dir='ltr'><strong>πὶ</strong></span> <span class='ocrx_word' id='word_1_325' title='bbox 1655 4210 2006 4281; x_wconf 67' lang='grc' dir='ltr'><em>Γερμανικά,</em></span> <span class='ocrx_word' id='word_1_326' title='bbox 2081 4209 2374 4279; x_wconf 68' lang='grc' dir='ltr'><strong><em>ὄπετόπει,</em></strong></span> <span class='ocrx_word' id='word_1_327' title='bbox 2430 4216 2523 4267; x_wconf 59' lang='grc' dir='ltr'><strong>καὶ</strong></span> <span class='ocrx_word' id='word_1_328' title='bbox 2578 4210 2684 4267; x_wconf 78' lang='grc' dir='ltr'><strong>τόν</strong></span> 
     </span>
    </p>

    <p class='ocr_par' dir='ltr' id='par_1_11' title="bbox 229 4293 2648 4458">
     <span class='ocr_line' id='line_1_38' title="bbox 229 4293 2648 4372; baseline 0.001 -22"><span class='ocrx_word' id='word_1_329' title='bbox 229 4295 586 4365; x_wconf 73' lang='grc' dir='ltr'><em>Γερμανικδν</em></span> <span class='ocrx_word' id='word_1_330' title='bbox 622 4305 723 4364; x_wconf 79' lang='grc' dir='ltr'><strong>τῆς</strong></span> <span class='ocrx_word' id='word_1_331' title='bbox 759 4319 817 4353; x_wconf 78' lang='grc' dir='ltr'><strong>τε</strong></span> <span class='ocrx_word' id='word_1_332' title='bbox 856 4307 1182 4367; x_wconf 77' lang='grc' dir='ltr'><em>Γερμανίας</em></span> <span class='ocrx_word' id='word_1_333' title='bbox 1221 4297 1487 4372; x_wconf 71' lang='grc' dir='ltr'><em>ἄρχοντα</em></span> <span class='ocrx_word' id='word_1_334' title='bbox 1526 4302 1620 4352; x_wconf 85' lang='grc' dir='ltr'><strong>καὶ</strong></span> <span class='ocrx_word' id='word_1_335' title='bbox 1658 4293 2012 4368; x_wconf 66' lang='grc' dir='ltr'><strong><em>φιλούμὲνον</em></strong></span> <span class='ocrx_word' id='word_1_336' title='bbox 2047 4294 2149 4351; x_wconf 77' lang='lat' dir='ltr'><strong>v‘n&#39;</strong></span> <span class='ocrx_word' id='word_1_337' title='bbox 2185 4295 2377 4352; x_wconf 76' lang='grc' dir='ltr'><em>αὔτιῦν</em></span> <span class='ocrx_word' id='word_1_338' title='bbox 2416 4300 2648 4358; x_wconf 67' lang='grc' dir='ltr'><strong>ἐδεδίει.</strong></span> 
     </span>
     <span class='ocr_line' id='line_1_39' title="bbox 526 4379 2203 4458; baseline -0.002 -19"><span class='ocrx_word' id='word_1_339' title='bbox 526 4381 633 4442; x_wconf 77' lang='lat' dir='ltr'><strong>Dio</strong></span> <span class='ocrx_word' id='word_1_340' title='bbox 671 4383 755 4444; x_wconf 82' lang='grc'><strong>57.</strong></span> <span class='ocrx_word' id='word_1_341' title='bbox 791 4382 838 4437; x_wconf 82' lang='grc'><strong>4.</strong></span> <span class='ocrx_word' id='word_1_342' title='bbox 910 4380 1017 4444; x_wconf 72' lang='grc' dir='ltr'><strong>τᾶν</strong></span> <span class='ocrx_word' id='word_1_343' title='bbox 1055 4386 1117 4437; x_wconf 73' lang='grc' dir='ltr'><strong>δὲ</strong></span> <span class='ocrx_word' id='word_1_344' title='bbox 1158 4379 1226 4456; x_wconf 69' lang='grc' dir='ltr'><strong>δή</strong></span> <span class='ocrx_word' id='word_1_345' title='bbox 1260 4381 1626 4458; x_wconf 74' lang='grc' dir='ltr'><em>Γερμανικόν</em></span> <span class='ocrx_word' id='word_1_346' title='bbox 1665 4387 1876 4445; x_wconf 72' lang='grc' dir='ltr'><em>δεινῶς</em></span> <span class='ocrx_word' id='word_1_347' title='bbox 1915 4384 2203 4456; x_wconf 70' lang='grc' dir='ltr'>ἐφοβεῖτο,</span> 
     </span>
    </p>
   </div>
  </div>
 </body>
</html>
