3144 4920
1406 298 1832 354 ..42-

375 476 549 558 Piso,
597 478 878 542 Drusum
923 484 1170 543 remoto
1238 480 1490 543 aemulo
1537 478 1661 544 sibi
1722 477 2089 557 aequiorem
2135 477 2416 542 futurum
2466 496 2639 558 esse,
2686 495 2840 556 quo-

372 583 548 648 niam
590 603 721 648 non
767 589 911 648 erat
954 589 1182 649 auctor
1241 585 1613 650 Germanici
1657 583 1925 648 mortis?
2014 583 2167 647 Sine
2227 583 2420 647 dubio
2487 603 2618 647 non
2659 582 2840 663 igno-

380 692 576 754 rabat
618 709 938 773 rumores,
985 691 1092 772 qui
1136 690 1534 772 ferebantur,
1584 712 1624 755 a
1670 709 1740 754 se
1784 708 2104 755 venenum
2151 690 2483 770 accepisse
2506 688 2841 753 Germani-

376 815 549 878 cum,
613 796 697 861 ad
744 798 1029 861 Drusum
1076 817 1326 877 quoque
1373 775 1808 879 pervenisses
1839 802 1906 859 et
1946 795 2243 884 potuisse
2287 796 2453 879 fieri,
2518 802 2591 860 ut
2637 799 2716 861 ab
2764 815 2841 860 eo

376 902 813 967 crederentur.
879 903 1033 967 Cum
1078 922 1231 967 vero
1278 905 1517 967 fritres
1562 903 1738 967 inter
1786 922 1855 967 se
1903 903 2255 965 concordes
2295 902 2495 966 fnisse
2542 902 2844 983 nesciret,

379 1008 493 1071 sed
518 1008 976 1074 Germanicum
1021 1014 1283 1090 putaret
1332 1011 1652 1073 aemulum
1698 1014 1772 1073 ut
1817 1008 2068 1091 Tiberi,
2113 1008 2209 1073 ita
2235 1010 2464 1090 Drusi,
2513 1011 2844 1090 sperabat,

380 1111 434 1175 si
480 1112 720 1176 rumori
763 1111 954 1175 fidem
998 1113 1273 1175 haberet
1318 1113 1603 1192 DrusuS,
1665 1110 1789 1174 sibi
1833 1109 2119 1174 futurum
2167 1129 2311 1175 esse
2354 1112 2534 1176 illum
2580 1110 2839 1190 aequio-

382 1232 534 1277 rem.
628 1213 810 1294 Quae
872 1232 1019 1294 spes
1087 1213 1386 1277 Pisonem
1453 1211 1715 1276 fefellit:
1782 1213 2120 1293 respondit
2186 1214 2355 1278 euim
2423 1216 2674 1278 Drusus
2741 1235 2849 1293 „se

379 1317 558 1380 malle
586 1317 764 1399 falsa
807 1339 930 1381 esse
972 1323 1027 1381 et
1070 1316 1295 1379 inania
1338 1339 1493 1396 (piae
1536 1316 1883 1380 iacerentur
1924 1336 2032 1379 neo
2075 1316 2367 1400 cuiquam
2400 1322 2648 1381 mortem
2693 1316 2848 1380 Ger-

381 1418 616 1483 manici
681 1419 1001 1484 ear-itiosam
1064 1440 1192 1483 esse
1270 1419 1393 1499 ¹).“
1484 1417 1669 1498 Quae
1721 1421 1795 1480 ut
1857 1436 1897 1481 a
1964 1416 2221 1481 Tiberio
2298 1418 2353 1482 ei
2438 1418 2851 1498 praescripta

381 1526 800 1601 putarentur,
848 1521 996 1585 inde
1041 1520 1282 1589 factum
1331 1525 1462 1601 est,
1509 1521 1679 1600 quod
1725 1520 2115 1584 credebatur
2160 1539 2505 1599 numquam
2553 1522 2849 1600 DmSUS,

380 1622 490 1703 qui
533 1642 787 1704 semper
830 1622 1241 1687 familiariter
1287 1642 1439 1686 usus
1508 1627 1651 1687 erat
1695 1620 2121 1700 Germanice,
2169 1628 2304 1686 tam
2349 1622 2630 1701 benigne
2691 1622 2850 1685 allo-

385 1729 649 1789 cuturus
694 1724 895 1790 fuisse
938 1725 1308 1789 Germanici
1357 1723 1869 1804 inteffectorem,
1919 1722 2043 1786 nisi
2091 1723 2300 1787 iussus
2348 1732 2523 1787 esset
2569 1745 2607 1789 a
2654 1723 2846 1787 Tibe-

385 1826 500 1890 riO.
570 1826 816 1891 Iniuria
861 1833 1078 1891 autem
1125 1827 1619 1907 reprehenditur
1663 1826 1960 1907 TacitUS,
2008 1825 2177 1905 quod
2223 1825 2479 1905 dixerit,
2521 1825 2853 1890 Tiberium

386 1928 885 2009 praescripsisse
931 1929 1095 1992 haec
1140 1931 1341 1992 verba
1388 1930 1631 2007 DruSO,
1679 1947 1822 1991 cum
1845 1927 2048 1991 dicat:
2090 1950 2296 2006 „non
2359 1927 2852 1991 dubitaban-

382 2038 475 2093 tu
497 2053 529 2095 r
593 2034 738 2096 haec
769 2031 1165 2112 praescripta
1208 2054 1249 2094 a
1302 2031 1610 2112 Tiberioj‘

598 2134 850 2198 Deinde
897 2134 1088 2214 „Piso
1132 2133 1474 2197 Delmatico
1517 2133 1684 2197 mari
1728 2133 2012 2197 tramisso
2055 2132 2394 2211 relictisque
2436 2135 2610 2213 apud
2653 2132 2854 2197 Anco-

387 2258 539 2298 nam
583 2237 847 2301 navibus
879 2260 998 2318 per
1042 2237 1344 2301 Picenum
1404 2260 1477 2301 ac
1521 2258 1662 2299 moa*
1705 2236 2098 2298 Flaminiam
2166 2235 2329 2297 riam
2377 2236 2734 2315 adsequitur
2778 2236 2854 2298 le-

381 2338 642 2418 yionem,
689 2361 843 2420 quae
886 2361 917 2403 e
948 2339 1287 2402 Pannonia
1334 2340 1401 2402 in
1448 2340 1675 2419 urbem,
1713 2338 1856 2401 dein
1868 2337 2189 2418 praesidio
2208 2338 2470 2419 Africae
2493 2337 2828 2402 (tacebatur

388 2463 636 2523 eaque
699 2466 827 2508 res
885 2445 1201 2525 ayitata
1268 2441 1774 2522 rumoribus,
1836 2445 1905 2503 ut
1947 2440 2016 2503 iii
2082 2439 2329 2520 aymiiie
2387 2433 2565 2521 atque
2631 2440 2855 2505 itinere

386 2546 588 2608 crebro
631 2568 694 2610 se
736 2547 1035 2611 militibus
1076 2546 1485 2610 ostentavisset
1531 2544 1664 2625 ²).“
1775 2541 2140 2605 Verisimile
2203 2551 2303 2604 est
2372 2561 2635 2621 sparsos
2706 2561 2853 2605 esse

385 2648 505 2710 hos
596 2666 885 2711 rumores
973 2669 1013 2712 a
1079 2647 1449 2712 Germanici
1513 2647 1767 2725 amiciS,
1850 2662 1973 2725 quo
2063 2643 2304 2708 maiore
2392 2644 2491 2708 ira
2577 2646 2851 2726 populus

387 2747 757 2813 afficeretur
799 2750 866 2813 111
911 2750 1229 2813 Pisonem.
1326 2752 1465 2828 „Ab
1512 2750 1770 2814 Narnia
1842 2748 2253 2811 vitandae
2325 2746 2854 2828 suspicionis

387 2873 496 2914 an
560 2852 776 2932 quia
826 2852 1216 2933 pavidis
1285 2851 1679 2916 consilia
1751 2852 1842 2914 in
1927 2852 2276 2913 incerto
2355 2856 2594 2930 sunt,
2683 2850 2852 2912 Nori

387 2975 460 3018 ao
520 2945 660 3016 moa:
736 2955 943 3018 Tiberi
1004 2957 1277 3019 devectus
1333 2962 1417 3018 est
1481 2954 1612 3035 ὁὶ).“
1718 2955 1900 3032 Quae
1977 2951 2398 3014 Altemoeller
2467 2949 2669 3012 refert
2728 2951 2853 3013 hoc

393 3056 579 3121 modo
612 3056 713 3138 ³):
809 3057 1143 3137 „vielleioht
1226 3081 1331 3120 iem
1418 3059 1598 3122 ollem
1697 3056 2028 3120 Verdochte
2114 3053 2589 3132 messuereicleen,
2640 3054 2857 3132 jedeia-

377 3159 536 3242 falls
619 3161 789 3224 nicht
872 3160 1133 3240 deshalb,
1222 3162 1359 3224 weil
1458 3181 1525 3224 er
1623 3159 1842 3223 nach
1930 3159 2080 3220 der
2185 3157 2362 3220 Desii
2389 3163 2599 3236 tany
2709 3156 2854 3216 ‹les›

400 3260 782 3327 Tacitus
883 3262 1287 3343 cinystlich
1385 3265 1558 3326 und
1655 3261 1746 3325 in
1843 3260 2156 3323 seimon
2258 3260 2600 3323 Plc'ineii
2702 3279 2854 3319 un-

391 3364 852 3446 schlitssig]
936 3387 1126 3428 war.
1158 3366 1205 3395 ‘⁴
1337 3364 1509 3427 Hinc
1615 3367 1922 3444 apparet,
2026 3379 2218 3438 quam
2320 3379 2444 3422 non
2550 3363 2855 3421 accurate

399 3466 613 3530 Taciti
679 3467 882 3531 verba
957 3464 1343 3529 referantur.
1437 3465 1560 3545 Qui
1643 3464 1811 3528 enim
1891 3464 2057 3526 llaec
2139 3460 2584 3525 Altemoelleri
2651 3461 2856 3538 leget,

396 3567 456 3630 ei
528 3567 855 3632 videbitur
950 3568 1217 3632 Tacitus
1318 3567 1658 3648 s‹·ripsisse
1743 3566 1946 3630 solam
2024 3565 2201 3628 illam
2289 3582 2584 3628 causam:
2672 3561 2860 3641 „quia

386 3670 645 3751 pavidis
688 3673 949 3735 consilia
992 3671 1062 3735 in
1108 3671 1332 3735 incerto
1377 3671 1584 3750 ,enntf‘
1633 3667 1927 3748 quamvis
1994 3665 2227 3730 afferat
2295 3665 2494 3730 etiam
2557 3666 2837 3728 alteram

397 3770 709 3836 vitandae
755 3772 1139 3853 suspicionis
1185 3792 1465 3836 causam.

610 3873 765 3938 Cum
802 3875 1074 3940 Romam
1113 3873 1398 3939 venisset
1434 3874 1618 3954 Piso,
1659 3892 1699 3936 a
1735 3870 2029 3936 Fulcinio
2072 3869 2311 3934 Trione
2350 3870 2520 3952 apud
2566 3868 2864 3933 consules

608 4303 662 4369 ¹)
701 4304 842 4356 Ann.
879 4301 961 4355 III
995 4302 1044 4356 8.

612 4388 669 4453 ²)
708 4387 851 4440 Ann.
888 4386 969 4439 111
1003 4387 1052 4441 9.

614 4477 666 4537 ⁸)
706 4488 835 4554 pag.
878 4469 964 4540 33.
