3144 4920
1404 394 1785 450 ...9-

362 580 584 645 eadem
630 577 797 644 fides
845 598 884 643 a
926 577 1108 642 nobis
1153 577 1458 641 habenda
1504 580 1607 639 est
1649 574 1792 657 ipsi,
1840 576 1966 640 nisi
2011 575 2414 641 inveniemus
2459 594 2626 657 quae
2673 595 2817 641 cum

358 689 481 753 hac
524 705 599 751 re
646 690 951 768 pugnent.
1044 683 1230 767 Quod
1276 682 1557 747 afferunt
1618 683 1929 763 nonnulli,
1998 683 2255 748 Tiberio
2302 690 2566 763 praesto
2611 683 2816 748 fuisse

357 795 562 859 multo
609 793 884 856 maiores
931 791 1153 872 copias
1199 809 1389 871 quam
1436 789 1847 870 Germanico,
1909 809 2040 854 non
2087 796 2188 854 est
2231 798 2511 869 rectum,
2560 790 2626 854 in
2672 809 2815 870 pro-

356 899 594 965 vinciis
639 899 868 962 multas
916 906 984 961 et
1028 897 1250 962 fideles
1318 896 1547 960 habuit
1607 896 1918 977 legioneS‚
1979 916 2106 960 non
2154 896 2220 960 in
2265 897 2478 961 ltalia.
2570 898 2818 961 Romae

358 1006 421 1071 ei
469 1011 655 1070 erant
694 1005 912 1069 nullae
960 1003 1188 1084 copiae
1249 1002 1373 1067 nisi
1418 1004 1717 1067 cohortes
1778 1003 2185 1084 praetoriae,¹
2215 1021 2400 1083 quae,
2447 1003 2504 1067 si
2548 1002 2817 1067 Germa-

359 1113 542 1177 nicus
586 1118 726 1176 octo
771 1111 1089 1191 legioneS,
1136 1109 1365 1190 quibus
1431 1109 1840 1190 praepositus
1890 1114 2035 1173 erat
2079 1112 2161 1173 ab
2207 1111 2525 1190 Augusto,
2587 1113 2818 1173 contra

362 1217 679 1283 Tiberium
725 1216 1047 1297 duxisset,
1108 1215 1417 1280 resistere
1462 1234 1591 1279 non
1658 1215 2040 1297 potuissent.
2132 1215 2555 1284 Altemoeller
2600 1222 2819 1279 autem

365 1324 683 1389 Tiberium
732 1344 774 1388 a
842 1322 1229 1387 Germanico
1294 1321 1417 1386 sibi
1482 1322 1644 1396 nihil
1704 1321 2015 1386 met-uisse
2081 1322 2232 1386 inde
2279 1322 2446 1387 effici
2494 1322 2816 1404 opinatur,

358 1430 520 1511 quod
564 1449 703 1495 non
751 1428 974 1493 statim
1020 1447 1161 1493 eum
1208 1449 1248 1493 a
1293 1428 1658 1510 legionibus
1707 1428 2104 1508 avocaverit,
2151 1428 2267 1493 sed
2311 1429 2519 1493 tribus
2565 1429 2819 1492 demum

242 1619 245 1623 Ι
348 1537 538 1601 annis
584 1540 760 1617 post,
805 1535 898 1600 ita
940 1540 1011 1599 ut
1053 1535 1180 1616 ille,
1251 1534 1306 1598 si
1353 1535 1723 1600 studuisset
1768 1533 1955 1599 novis
2015 1536 2228 1615 rebus,
2295 1536 2496 1599 multo
2563 1533 2819 1599 facilius

345 1641 759 1723 profecisset.
847 1641 973 1707 Sed
1018 1660 1151 1706 non
1219 1642 1432 1723 potuit
1497 1641 1828 1720 Tiberius,
1891 1661 2041 1705 nam
2107 1639 2163 1705 si
2216 1642 2439 1706 statim
2504 1646 2817 1708 avocatus

346 1754 535 1813 esset
578 1746 1015 1829 GermanicuS,
1063 1748 1208 1812 odio
1255 1754 1371 1812 aut
1413 1747 1697 1812 invidiae
1759 1747 2018 1811 Tiberio
2064 1748 2186 1811 hoc
2232 1747 2569 1812 tribuisset
2613 1753 2807 1827 atque

352 1857 470 1917 aut
512 1852 645 1935 ipse
690 1859 803 1918 aut
846 1854 1139 1935 legiones
1184 1872 1318 1918 rem
1383 1854 1451 1918 in
1517 1854 1864 1918 discrimen
1926 1858 2289 1918 vocassent.
2383 1855 2529 1918 Non
2575 1853 2801 1934 effugit

354 1958 673 2024 Tiberium
715 1964 982 2042 propter
1025 1960 1395 2025 Germanici
1462 1959 1752 2025 favorem
1810 1963 2184 2043 popularem
2241 1959 2302 2043 ¹)
2348 1960 2470 2026 sibi
2515 1960 2801 2025 futurum

352 2084 490 2131 esse
532 2067 734 2131 multo
794 2066 1022 2131 maiori
1066 2067 1370 2148 pericul0,
1441 2066 1498 2130 si
1563 2072 1907 2131 revocaret
1970 2068 2431 2133 Germanicum
2498 2085 2690 2146 quam
2756 2065 2814 2128 si

346 2192 469 2237 non
513 2178 872 2237 revocaret.
964 2172 1179 2253 Quare
1258 2172 1507 2237 studuit
1550 2174 1863 2253 praebere
1933 2174 2167 2254 populo
2215 2179 2282 2237 et
2323 2172 2633 2237 militibus
2679 2192 2820 2253 spe-

338 2279 498 2343 ciem
544 2278 785 2345 amoris
830 2284 896 2343 et
940 2279 1439 2344 benevolentiae
1465 2279 1530 2344 in
1579 2279 2054 2343 Germanicum.
2123 2281 2354 2359 Itaque
2397 2279 2820 2360 „Germanico

352 2386 612 2452 Caesari
659 2388 1098 2470 proconsulare
1162 2387 1497 2470 imperium
1544 2387 1678 2469 peti
1681 2387 1766 2450 vil
1835 2387 2123 2470 miss->ique
2188 2387 2393 2469 leyati,
2463 2386 2573 2469 qni
2640 2387 2817 2471 deser

338 2502 502 2575 rent,
569 2496 756 2560 simul
822 2496 1189 2560 rreaeslr'tiarri
1251 2496 1384 2561 eius
1447 2498 1516 2560 ob
1581 2518 1887 2561 excessum
1953 2493 2222 2576 Anyusli
2288 2496 2695 2558 ,ςοῖανεηέιινέί
2743 2493 2814 2576 ⁶2)

342 2600 559 2680 Atque
607 2602 769 2666 haec
829 2602 1327 2667 benevolentiae
1388 2603 1639 2683 species
1705 2601 1941 2666 fefellit
2006 2601 2206 2664 etiam
2269 2600 2818 2680 Altemoellerum,

367 2705 460 2771 ita
505 2713 574 2771 ut
617 2708 739 2773 hoc
786 2707 1020 2772 afferat
1064 2714 1532 2789 argumentum,
1581 2727 1706 2788 quo
1753 2708 2155 2772 demonstret
2198 2705 2551 2770 nonfuisse
2580 2711 2821 2769 metum

365 2810 731 2878 Germanici
773 2814 842 2878 in
908 2814 1184 2878 Tiberio.
1242 2815 1307 2896 ³)
1397 2813 1523 2878 Sed
1596 2814 1747 2894 quid
1793 2821 1936 2879 erat
2003 2815 2126 2877 hoc
2169 2812 2503 2892 imperium
2550 2829 2816 2893 procon-

362 2919 613 2983 sulare?
702 2920 795 2985 Ut
859 2920 1016 2984 dicit
1081 2921 1449 3003 Nipperdey
1506 2920 1571 2984 in
1618 2926 1775 2985 nota
1839 2920 1924 2984 ad
1989 2921 2157 2984 hunc
2201 2919 2411 2982 locum
2456 2918 2651 2998 facta,
2698 2918 2820 2981 hoc
2883 2956 2888 2962 -

353 3028 485 3091 no‘n
531 3026 744 3108 potuit
810 3044 955 3090 esse
1027 3026 1338 3091 usitatum
1404 3027 1563 3091 illud
1607 3027 1941 3108 imperium
1988 3024 2470 3106 proconsulare,
2517 3023 2821 3104 quoniam

565 3405 610 3455 ¹)
650 3400 790 3455 Suet
829 3400 942 3453 Cal.
984 3403 1041 3456 -lz
1083 3400 1219 3460 „Sic
1258 3400 1423 3468 vulyo
1488 3399 1822 3467 sai-orabilis
1871 3399 2275 3465 (Germanicus)
2326 3406 2384 3451 ιιι
2425 3400 2655 3467 plurimi
2693 3406 2817 3450 lra-

363 3485 519 3546 dant,
561 3489 807 3556 quotiens
848 3488 1036 3558 aliquo
1078 3491 1367 3543 adveniret
1402 3490 1487 3542 vel
1523 3489 1750 3540 sicunde
1784 3489 2103 3546 discederet,
2145 3504 2287 3556 prae
2311 3488 2478 3540 larba
2516 3504 2818 3540 occurren-

361 3574 498 3626 tium
539 3579 1050 3646 prosequentiumve
1088 3595 1501 3649 nonnumquam
1543 3595 1659 3630 curn
1698 3579 1986 3630 discrimen
2024 3579 2169 3630 vilae
2210 3578 2410 3634 adisse,
2451 3595 2476 3628 e
2518 3577 2821 3631 Germania

351 3678 489 3716 vero
526 3669 655 3731 post
694 3681 1057 3735 compressam
1094 3670 1413 3722 seditionem
1450 3668 1747 3720 revertenti
1781 3668 2180 3735 praetorianas
2242 3666 2492 3719 cohortes
2533 3669 2816 3720 universas

349 3754 614 3822 prodisse
652 3749 887 3816 ebriam,
925 3760 1175 3827 quami-is
1211 3759 1630 3827 pronunlialum
1672 3763 1826 3816 essee,
1867 3763 1925 3810 ut
1965 3757 2105 3809 dnae
2146 3763 2357 3809 lantum
2395 3757 2556 3808 modo
2580 3757 2813 3818 exirent,
2863 3771 2866 3774 ·

354 3842 558 3911 populi
593 3849 773 3896 aulem
810 3863 1022 3908 sexum,
1065 3853 1318 3910 aetatem,
1366 3848 1610 3898 ordinem
1653 3862 1860 3899 omnem
1906 3863 2072 3915 usque
2112 3847 2185 3898 ad
2225 3847 2532 3898 vicesimum
2571 3845 2817 3914 lapidem

354 3933 600 4001 effudisse
637 3939 764 3987 se.⁴²

556 4024 603 4090 ²)
643 4024 776 4077 Tac.
820 4028 962 4079 Ann.
1001 4027 1038 4079 Ι.
1086 4027 1162 4082 14.

555 4114 601 4180 ⁸)
642 4128 774 4181 pag.
823 4115 898 4170 7.:
951 4114 1164 4176 „Danu
1222 4115 1450 4168 erhiihle
1501 4132 1558 4167 er
1614 4114 1763 4167 noch
1805 4116 1954 4167 scine
2005 4116 2200 4169 Mache
2247 4116 2363 4168 und
2398 4118 2511 4168 sein
2567 4114 2817 4168 Ansehen

356 4215 450 4251 aus
485 4201 708 4267 freihen
748 4202 1019 4264 Sliiclcen,
1059 4205 1241 4256 indem
1282 4221 1341 4257 er
1376 4222 1501 4257 vom
1557 4205 1760 4257 Senale
1799 4206 1885 4257 die
1940 4203 2516 4259 Proconsularwiirde
2569 4208 2667 4272 fiir
2720 4205 2816 4257 ihn

348 4290 631 4361 verlanyle
670 4293 784 4345 und
817 4293 916 4347 ihn
955 4295 1091 4347 bald
1128 4296 1347 4363 darauf
1376 4298 1471 4348 mit
1510 4297 1632 4348 dem
1672 4294 2103 4364 Imperatorlitel
2141 4294 2486 4348 beschcnlcle.
2548 4293 2655 4347 Ein
2692 4295 2810 4346 sol-

354 4378 475 4433 ches
510 4383 628 4449 fast
665 4383 1064 4452 unbeyrenztes
1128 4385 1432 4439 Verlrauen
1471 4385 1624 4437 halle
1678 4401 1735 4436 er
1792 4399 1861 4436 zu
1896 4387 2100 4436 seinem
2153 4383 2351 4454 Neffen
2387 4385 2502 4437 und
2540 4385 2810 4453 Adoptiv-

359 4469 554 4533 soline,
598 4470 832 4524 welches
874 4474 1048 4526 dieser
1087 4473 1326 4528 alsdann
1366 4475 1544 4528 durch
1582 4473 1897 4527 zahlreiche
1938 4473 2182 4542 krc'isliye
2223 4474 2461 4527 Beweise
2497 4475 2674 4526 seiner
2710 4491 2815 4526 un-

356 4559 770 4621 wandelbaren
797 4562 968 4615 Treue
988 4564 1103 4616 und
1122 4562 1496 4634 Eryebenlzeit
1516 4581 1586 4624 zu
1604 4563 1870 4617 schiitzen
1891 4564 2006 4618 und
2025 4580 2097 4618 zu
2116 4563 2330 4617 ndhrcn
2356 4562 2613 4632 beslissen
2638 4564 2813 4628 war.“
