3144 4920
1294 309 1714 365 -31-

260 491 735 559 Germanicum
781 513 821 556 a
863 490 1101 557 Pisone
1149 491 1480 572 accepisse
1524 509 1875 574 venenum,
1922 494 2035 559 sed
2076 494 2382 559 habuisse
2427 514 2570 559 eum
2614 497 2736 559 hoc

248 600 384 665 sibi
456 591 862 680 persuasum.
956 598 1124 679 Quid
1171 606 1389 665 autem
1458 601 1876 666 verisimilius
1943 606 2045 665 est
2111 620 2301 681 quam
2366 604 2448 666 ab
2511 602 2736 667 amicis

251 706 618 771 adductum
681 725 825 771 6886
868 706 1359 788 Germanicum,
1428 712 1501 771 ut
1559 708 1883 789 crederet,
1951 708 2045 773 ita
2105 726 2239 772 rem
2308 727 2380 773 se
2447 709 2736 773 habere?

251 812 472 878 Iidem
515 832 768 901 quoque
833 813 987 893 quin
1046 814 1195 879 illas
1261 832 1394 893 reS,
1463 832 1630 893 quae
1695 815 2186 895 reperiebantur
2251 816 2317 880 in
2362 815 2734 880 Germanici

260 920 487 1000 dom0,
549 920 700 984 illuc
745 920 1159 1000 contulerint,
1207 920 1468 984 dubium
1525 920 1678 984 mihi
1739 940 1867 985 non
1938 924 2210 989 videtur.
2305 922 2432 987 Cur
2477 922 2645 986 enim
2693 944 2734 987 a

264 1026 509 1090 Pisone
578 1027 817 1091 allatas
879 1046 991 1091 eas
1059 1026 1404 1108 putamus?
1509 1028 1661 1092 Sive
1725 1046 2045 1092 venenum
2105 1027 2376 1093 dederat
2434 1029 2538 1093 hic
2603 1028 2742 1094 sive

275 1153 411 1198 non
453 1133 749 1212 dederat,
797 1140 975 1197 certe
1020 1152 1367 1213 numquam
1412 1132 1535 1198 fuit
1582 1138 1717 1201 tam
1762 1134 2036 1214 stultus,
2101 1140 2173 1199 ut
2234 1135 2474 1200 talibus
2544 1134 2734 1215 nugis

282 1242 352 1306 in
395 1260 460 1305 86
502 1239 856 1304 adduceret
922 1239 1370 1320 suspicionem.
1463 1239 1648 1320 Quod
1710 1244 1926 1303 autem
1974 1247 2162 1320 putat
2222 1242 2590 1322 Hertzberg
2644 1242 2739 1324 ¹):

293 1349 498 1427 „dass
546 1347 716 1410 Piso
762 1347 902 1410 und
949 1346 1283 1410 Plancina
1328 1367 1456 1410 von
1502 1346 1709 1410 ihrem
1752 1346 1993 1409 wilden
2039 1347 2262 1411 Hasse
2290 1348 2626 1432 {letrieben
2672 1351 2743 1411 in

283 1458 398 1521 der
447 1455 581 1520 Art
624 1453 744 1517 des
788 1454 1090 1517 dummen
1133 1454 1277 1517 und
1315 1453 1751 1538 fanatischen
1798 1451 2301 1536 Aberylaubens
2346 1457 2565 1519 dieser
2591 1436 2744 1519 Zeit

274 1566 419 1630 und
461 1564 682 1626 dieser
723 1559 1119 1624 vornekmen
1164 1559 1533 1624 rami-§chen
1572 1559 2021 1646 Gesellscliaft
2044 1562 2537 1627 vermeintliche
2563 1563 2742 1626 Zau-

274 1669 616 1736 bermittel
698 1670 1125 1752 anqewendet
1210 1667 1445 1731 lia’tten
1472 1668 1536 1732 “:
1650 1670 1819 1733 hanc
1907 1667 2433 1749 superstitionem
2528 1669 2743 1750 potius

270 1778 560 1844 referam
622 1775 705 1841 ad
767 1775 1254 1855 Germanicum,
1319 1775 1490 1856 apud
1559 1795 1749 1856 quem
1809 1780 1875 1838 et
1942 1774 2158 1839 omina
2227 1781 2294 1839 et
2349 1777 2612 1840 oracula
2680 1783 2746 1841 et

275 1883 535 1950 somnia
601 1883 868 1946 multum
931 1882 1219 1946 valuisse
1288 1881 1353 1945 in
1413 1881 1779 1946 Annalibus
1846 1881 2184 1945 cernimus.
2293 1880 2509 1960 Quare
2553 1882 2747 1947 facile

277 1990 503 2069 amici,
550 2008 817 2068 quorum
862 1988 1130 2052 multum
1174 1987 1494 2052 intererat
1537 1987 1839 2052 Pisonem
1883 1986 1949 2052 in
1996 1986 2428 2068 suspicionem
2488 2007 2746 2071 vocare,

281 2097 607 2162 adducere
654 2114 795 2160 eum
840 2099 1183 2176 poterant,
1230 2099 1303 2158 ut
1347 2094 1644 2158 crederet
1688 2114 1728 2161 a
1771 2092 2008 2157 Pisone
2054 2112 2124 2158 se
2180 2111 2498 2159 venenum
2568 2113 2746 2158 acce—

280 2205 492 2285 pisse,
539 2221 681 2266 cum
728 2220 938 2281 nugas
983 2201 1132 2264 illas
1178 2200 1243 2263 in
1289 2200 1544 2264 domum
1614 2205 2044 2280 congererent
2106 2206 2172 2264 et
2218 2220 2257 2264 a
2317 2199 2554 2265 Pisone
2600 2219 2748 2265 con-

275 2314 512 2392 gestas
558 2307 866 2372 dicerent.
959 2306 1145 2387 Quod
1191 2312 1408 2370 autem
1456 2307 1686 2385 „missi
1728 2328 1773 2369 a
1823 2307 2070 2370 Pisone
2114 2306 2629 2383 incusabantur,
2674 2315 2749 2370 ut

274 2415 696 2482 valetudinis
783 2414 1070 2478 adversa
1149 2414 1529 2494 rimantes,“
1618 2431 1736 2478 nos
1802 2413 2057 2493 quidem
2138 2399 2296 2479 non⁸
2344 2413 2749 2495 offendimur,

275 2544 459 2602 cum,
507 2522 718 2602 qualis
765 2528 941 2586 esset
964 2521 1336 2587 Germanici
1381 2520 1717 2601 valetudO,
1757 2520 2014 2585 Pisonis
2059 2521 2329 2585 multum
2372 2518 2751 2585 interfuisse

274 2631 460 2696 haud
506 2628 889 2693 nesciamus.
981 2630 1165 2693 Haec
1212 2628 1425 2692 omnia
1474 2626 1916 2707 „Germanico
1960 2626 2146 2690 haud
2182 2629 2400 2689 minus
2422 2629 2530 2690 ira
2555 2649 2750 2713 quam

272 2759 408 2823 per
438 2745 681 2799 metum
718 2737 1063 2819 accepta.‘⁴
1133 2733 1403 2817 „Quare
1440 2738 1775 2818 componit
1816 2727 2161 2817 epistulaS,
2203 2736 2351 2818 quis
2384 2735 2749 2797 amicitiam

279 2849 346 2910 ei
370 2843 843 2909 renuntiabat:
888 2844 1149 2908 addunt
1163 2843 1475 2929 plerique
1501 2843 1568 2925 2)
1630 2845 1879 2906 iussum
1893 2842 2253 2924 provincia
2276 2840 2593 2903 decedere
2620 2841 2746 2924 ³).“

276 2955 641 3034 Ignorasse
754 2950 1010 3015 videtur
1108 2950 1406 3030 Tacitus,
1512 2955 1725 3013 utrum
1826 2947 2041 3013 iussus
2143 2947 2293 3011 Piso
2398 2946 2754 3011 decesserit

280 3057 628 3140 provincia
687 3077 772 3121 an
833 3075 951 3121 sua
1018 3060 1265 3136 sponte.
1379 3056 1596 3135 Atque
1656 3054 1848 3119 facile
1912 3053 2287 3118 adducimur
2332 3059 2398 3116 et
2463 3072 2611 3132 nOS,
2681 3063 2755 3117 ut

284 3165 629 3230 credamus
677 3182 796 3227 sua
841 3168 1071 3243 sponte
1118 3181 1258 3226 eum
1305 3162 1689 3240 decessisse,
1763 3149 2306 3241 quoniam-paulo
2353 3165 2506 3223 ante
2553 3159 2751 3239 scrip-

284 3277 428 3335 tum
472 3270 769 3349 vidimuS,
814 3269 1113 3333 Pisonem
1174 3269 1354 3333 abire
1420 3267 1609 3333 Suria
1676 3266 2021 3347 statuisse,
2090 3266 2203 3330 sed
2268 3266 2599 3330 detentum
2646 3265 2754 3329 ad·
2831 3251 2834 3254 ¹

287 3395 486 3442 versa
551 3375 925 3441 Germanici
988 3374 1361 3438 valetudine
1422 3378 1490 3438 et
1553 3374 1932 3454 degressum
1994 3390 2138 3438 esse
2206 3371 2599 3453 Seleuciam,
2646 3371 2756 3451 qui

293 3487 441 3546 erat
484 3481 871 3546 Antiochiae
915 3486 1155 3562 portus.
1246 3481 1559 3545 Attamen
1605 3479 1849 3550 iussum
1898 3497 2038 3544 eum
2087 3497 2230 3544 6886
2275 3477 2750 3543 concedendum

508 3914 557 3968 ι)
597 3927 723 3979 pag.
770 3911 878 3965 167.

456 4016 461 4022 ’
510 4023 555 4089 ²)
595 4022 796 4076 Omisit
831 4023 940 4075 hoc
978 4022 1296 4088 SuetoniuS,
1335 4022 1428 4088 qui
1467 4021 1604 4073 dicit
1652 4022 1818 4075 haec:
1847 4021 2023 4086 ·(Cal.
2064 4019 2146 4085 3)·
2177 4023 2272 4086 „ut
2306 4016 2759 4070 Pisoni‘decreta

298 4127 403 4164 sua
439 4112 802 4172 rescindenli,
845 4110 1127 4164 clientelas
1151 4110 1437 4162 diveoeanti
1470 4126 1584 4162 non
1613 4111 1774 4178 prius
1810 4125 2129 4162 succensere
2161 4108 2220 4160 in
2260 4108 2499 4161 ani-mum
2518 4107 2758 4159 induxe-

296 4203 374 4253 rit
414 4215 582 4270 quam
617 4199 890 4268 veneficiis
930 4214 1144 4270 quoque
1182 4203 1233 4252 et
1279 4198 1658 4252 devotionibus
1694 4198 2015 4268 impuqnari
2047 4214 2104 4250 se
2160 4196 2515 4265 comperisset
2529 4212 2554 4264 ,-
2593 4211 2658 4248 ac
2694 4210 2760 4247 ne

301 4296 416 4343 tum
490 4289 704 4358 quidem
775 4289 929 4343 ultra
996 4303 1345 4357 promes-sus,
1419 4303 1586 4357 quam
1640 4294 1700 4341 ut
1773 4288 2074 4341 amicitiam
2145 4287 2196 4340 ei
2265 4301 2417 4340 more
2486 4284 2760 4339 maiorum

296 4377 717 4432 renuntiaret.“
2549 4391 2564 4396 ·’

511 4490 563 4553 ⁸)
602 4489 744 4545 Ann.
781 4487 954 4555 uffo,
