3144 4920
1417 184 1808 239 ..10—

376 356 801 422 Germanicus
848 364 1155 440 praeerat
1198 379 1329 424 non
1352 360 1729 441 provinciae
1755 365 2146 446 senatoriae,
2194 366 2309 429 sed
2351 367 2832 450 imperatoriae,

377 462 479 526 cui
525 463 778 543 legatos
838 467 1263 547 praeficiebat
1327 468 1692 546 Imperator
1758 468 1926 548 ipse:
1977 489 2175 547 quare
2222 480 2445 538 nostro
2491 475 2631 539 loco
2679 478 2831 556 „imf-

364 574 614 650 perium
652 575 1139 653 [1100011311Ζονοιι
1186 573 1692 653 intellegendum
1739 582 1840 636 est
1900 577 2361 654 sempiternum
2423 581 2599 662 illud,
2666 581 2834 661 quod

377 677 708 741 habebant
774 679 1243 759 Imperatores,
1314 679 1480 757 quod
1549 679 1745 741 etiam
1810 681 2091 744 reversis
2151 683 2218 744 in
2285 688 2507 750 urbem
2575 690 2831 769 mansit,

376 781 545 845 idem
592 785 760 862 quod
821 792 1050 864 postea
1112 785 1351 848 Neroni
1398 788 1479 847 ab
1541 785 1940 863 Imperatore
2009 786 2273 851 Claudio
2335 792 2646 856 tributum
2692 809 2834 855 esse

377 891 758 969 accepimus.
819 891 879 971 ¹)
971 892 1097 955 Sed
1143 891 1436 971 quamvis
1482 889 1813 954 videretur
1858 910 2128 972 magnus
2177 893 2277 955 hic
2323 895 2548 976 honor,
2595 906 2666 962 ut
2694 901 2836 960 erat

378 994 523 1058 aliis
572 998 987 1077 temporibus,
1049 999 1159 1061 illo
1224 1003 1441 1060 tamen
1488 1003 1809 1061 momento
1873 1017 1942 1060 re
1988 1016 2145 1062 vera
2190 998 2350 1062 nihil
2396 1005 2541 1062 erat
2585 1004 2712 1067 nisi
2757 1003 2834 1066 ti-

379 1103 568 1182 tulus,
618 1122 821 1182 neque
870 1122 944 1165 eo
993 1108 1358 1186 augebatur
1401 1103 1773 1167 Germanici
1821 1105 2132 1185 potentia.
2227 1104 2407 1184 Quae
2449 1125 2578 1170 non
2623 1109 2834 1188 magis

379 1212 743 1287 augebatur
803 1230 898 1289 eo,
964 1210 1132 1288 quod
1193 1208 1619 1274 Germanicus
1685 1234 1954 1290 „nomen
2006 1214 2402 1294 Imperatoris
2442 1220 2680 1278 auctore
2733 1217 2834 1277 Te·-

376 1318 538 1379 bere‘o
580 1320 806 1398 aec-epifi
851 1316 982 1397 2).“
1075 1316 1241 1395 Quid
1303 1317 1470 1380 enim
1519 1316 1694 1380 aliud
1741 1324 1884 1381 erat
1943 1320 2066 1382 hoc
2111 1337 2343 1382 nomen
2390 1319 2513 1382 nisi
2558 1318 2827 1382 titulus?

378 1441 480 1486 An
528 1432 825 1502 putamus
871 1423 1260 1487 Germanico
1306 1441 1515 1485 rerum
1563 1423 1758 1503 potiri
1803 1424 2089 1488 studenti
2135 1463 2214 1469 ——
2261 1426 2383 1489 hoc
2429 1424 2592 1488 enim
2634 1430 2832 1488 metu-

380 1529 432 1591 it
478 1529 772 1593 Tiberius
819 1567 901 1573 „
946 1530 1117 1592 hanc
1163 1528 1567 1593 occasionem
1613 1530 1826 1609 potius
1874 1530 2095 1595 datam
2141 1551 2303 1612 esse,
2373 1549 2516 1595 cum
2559 1530 2828 1610 accepis-

382 1639 483 1696 set
526 1634 858 1714 imperium
922 1635 1381 1716 proconsulare
1429 1640 1494 1698 et
1539 1655 1772 1700 nomen
1834 1636 2301 1717 Imperatoris?
2372 1638 2498 1701 hae
2545 1655 2648 1700 res
2691 1654 2836 1698 num

382 1739 464 1803 ad
510 1739 800 1805 favorem
848 1742 983 1805 eius
1032 1741 1480 1822 pertinebant?
1543 1742 1671 1805 Sed
1739 1743 1949 1823 potuit
1977 1744 2093 1807 liis
2141 1746 2333 1807 rebus
2380 1741 2677 1806 Tiberius
2723 1739 2844 1803 sibi

382 1847 731 1911 conciliare
780 1848 1028 1912 animos
1076 1847 1367 1927 militum,
1414 1848 1522 1927 qui
1569 1868 1711 1912 cuni
1780 1849 2077 1914 viderent
2143 1869 2284 1914 eum
2353 1848 2638 1913 tribuere
2687 1847 2844 1911 Ger-

381 1953 633 2015 manico
681 1974 960 2018 sunnmis
1006 1956 1304 2033 honores,
1353 1954 1582 2018 adduci
1630 1959 1997 2036 potuerunt,
2043 1961 2115 2020 ut
2160 1955 2363 2020 amari
2388 1952 2841 2019 Germanicum

383 2082 421 2124 a
468 2060 724 2124 Tiberio
771 2060 1129 2126 crederent.
1222 2060 1531 2124 Similiter
1576 2061 1805 2140 reliqui
1852 2081 2103 2141 quoque
2149 2065 2448 2141 honoreS,
2496 2081 2577 2124 ex
2615 2059 2845 2140 quibus

384 2167 597 2230 Taciti
643 2167 1117 2247 vituperatores
1181 2166 1471 2230 efficiunt
1514 2169 1678 2230 bene
1746 2168 2128 2232 convenisse
2171 2169 2344 2231 inter
2409 2167 2735 2230 Tiberium
2780 2168 2846 2227 et

386 2274 861 2353 Germanicum,
925 2275 1139 2354 specie
1200 2279 1351 2338 sunt
1419 2273 1777 2354 permagni,
1838 2291 1908 2336 re
1955 2293 2113 2338 vera
2179 2274 2339 2337 1111111
2406 2273 2542 2336 fere
2600 2271 2841 2335 valent.

387 2380 513 2443 Sed
559 2380 638 2443 de
686 2381 955 2462 singulis
1004 2400 1119 2445 suo
1166 2380 1306 2443 loco
1353 2378 1582 2444 dicam.

598 2487 900 2566 Sequitur
944 2487 1176 2551 seditio
1222 2487 1547 2566 legionum
1615 2487 2166 2568 Germanicarum,
2237 2507 2316 2551 ex
2362 2506 2487 2566 qua
2533 2506 2663 2550 non
2708 2484 2846 2549 sine

388 2613 587 2658 causa
631 2593 831 2657 fuisse
892 2594 1108 2657 Tiberi
1169 2599 1406 2656 metum
1455 2593 1858 2673 perspicuum
1928 2601 2046 2673 est,
2110 2613 2251 2657 cum
2322 2593 2491 2673 apud
2554 2592 2846 2672 legiones

387 2718 659 2780 magnus
729 2708 903 2763 esset
962 2699 1148 2763 favor
1201 2698 1608 2763 Germanico
1702 2701 1844 2778 Qua
1901 2699 1967 2762 in
2036 2699 2354 2763 seditione
2421 2694 2849 2762 describenda

387 2807 617 2886 incipit
703 2807 969 2870 Tacitus
1052 2808 1173 2870 hoc
1270 2806 1490 2870 modo:
1566 2806 1631 2886 ³)
1746 2808 2002 2885 „Isdem
2073 2806 2276 2888 finwee
2361 2806 2571 2869 diebus
2661 2803 2850 2867 isdem

374 2914 595 2979 ’00113ιέ
665 2914 1074 2978 Germanicae
1118 2913 1375 2994 lession&
1431 2915 1723 2992 turbatae,
1781 2920 2007 2995 quanto
2040 2915 2254 2995 plnres
2298 2920 2463 2976 tanto
2529 2909 2849 2974 violentius

392 3027 444 3083 pt
492 3041 717 3100 mamm
748 3042 851 3100 spe
880 3020 1024 3101 fore
1064 3026 1132 3082 ut
1189 3019 1723 3084 Germanice(
1749 3045 1780 3084 s
1832 3021 2154 3084 Caesar
2213 3021 2237 3083 i
2266 3019 2596 3101 »operm
2621 3040 2682 3080 ‘m
2725 3016 2852 3078 al-

390 3127 651 3190 terius
697 3125 889 3206 pali
950 3125 1334 3205 nequiret
1398 3128 1794 3207 daretque
1863 3150 1940 3190 se
1998 3127 2470 3208 leyi-onibus
2536 3125 2620 3186 vi-
2698 3144 2853 3186 sna

391 3240 681 3298 commta
725 3238 795 3294 tr
813 3238 996 3295 (10111
1016 3253 1049 3293 ’ν
1067 3232 1195 3294 1’0.“
1254 3231 1357 3294 Ex
1405 3232 1700 3310 sequenti
1747 3233 2142 3313 narratione,
2186 3232 2240 3296 si
2281 3228 2655 3311 diligentius
2679 3227 2853 3307 lege-

392 3359 554 3420 muS,
599 3338 1052 3418 intellegemus
1100 3343 1450 3418 auctorem,
1499 3359 1622 3419 quo
1671 3340 1937 3404 Tacitus
1985 3340 2067 3403 ad
2113 3337 2482 3402 enarranda
2517 3336 2679 3398 haec
2699 3350 2856 3396 usus

397 3450 498 3510 est
540 3444 742 3524 fonte,
808 3443 1186 3508 interfuisse
1251 3444 1378 3508 illis
1446 3447 1672 3526 rebus,
1741 3446 1836 3509 ita
1901 3452 1975 3508 ut
2033 3444 2303 3508 militum
2372 3441 2620 3506 animos
2683 3437 2857 3503 haud

395 3552 701 3633 ignorare
736 3550 1020 3614 deberet.
1087 3550 1301 3628 Atque
1348 3550 1546 3614 etiam
1592 3569 1695 3614 res
1743 3551 1924 3631 ipsae
1950 3549 2401 3613 demonstrant
2444 3547 2611 3611 tales
2656 3544 2858 3609 fuisse

397 3657 672 3722 militum
721 3656 1003 3720 animos:
1054 3656 1361 3736 scriptum
1410 3656 1578 3719 enim
1624 3656 1935 3736 videmus,
1989 3655 2055 3737 4)
2104 3673 2246 3718 cum
2291 3654 2359 3719 in
2386 3659 2605 3720 castra
2628 3650 2856 3715 tumul-

398 3763 721 3829 tuantium
766 3762 1039 3827 militum
1084 3762 1373 3827 venisset
1400 3760 1825 3827 Germanicus
1873 3767 1938 3825 et
1981 3762 2325 3825 tumultum
2368 3760 2584 3827 verbis
2631 3758 2859 3823 sedare

611 4090 655 4155 ¹)
694 4089 825 4141 Tac.
861 4090 1000 4140 Ann.
1039 4088 1156 4140 XII.
1198 4087 1254 4143 41

612 4174 658 4240 ²)
698 4174 830 4227 Tac.
871 4175 1011 4226 Ann.
1050 4173 1093 4225 Ι.
1135 4170 1218 4227 58.

616 4260 662 4323 ³)
702 4259 833 4313 Tac.
874 4260 1017 4311 Ann.
1055 4259 1096 4315 I.
1135 4257 1217 4314 31.

614 4345 660 4413 ⁴)
698 4343 829 4403 Tac,
868 4346 1010 4405 Anu.
1050 4343 1092 4396 Ι.
1133 4344 1218 4399 35.
