3144 4920
1427 250 1848 326 *234

401 444 810 532 Cappadocia
875 450 1208 537 provincia
1270 449 1451 515 facta
1516 453 1637 514 est:
1704 453 1772 513 et
1828 452 2169 530 „quaedam
2228 474 2303 518 er
2364 454 2554 536 reyiis
2614 442 2866 518 tributis

398 553 732 636 deminuta,
777 577 895 637 qno
936 555 1150 619 mitius·
1193 555 1552 618 Roman-am
1597 552 1932 634 imperium
1974 558 2385 634 sperareturf‘
2477 557 2704 621 Nonne
2737 557 2860 620 hoc

397 654 632 721 fecisse
675 656 936 722 videtur
978 655 1437 735 GermanicUS,
1483 655 1654 735 quod
1689 653 1979 719 favorem
2011 658 2416 735 quaerebat‘.e
2484 659 2662 722 Idem
2693 657 2860 721 effici

398 759 760 839 putaverim
826 778 908 823 ex
973 758 1186 824 verbis
1248 765 1501 838 „cuncta
1580 758 1834 823 socialia
1882 780 2175 839 prospere
2253 762 2637 842 οοφνιροδήὶὲα,6ρι
2717 779 2859 823 cum

399 860 558 925 dicit
577 861 844 926 Tacitus
876 861 961 943 ¹):
1009 867 1376 942 „cunctaque
1395 859 1650 924 socialia
1657 882 1948 941 prospere
1969 862 2294 942 composita
2315 885 2440 928 non
2463 863 2598 928 ideo
2636 864 2860 927 laetam

409 963 849 1029 Germanicum
878 965 1176 1029 habebant
1194 964 1263 1027 ob
1300 962 1686 1043 surperbiam
1711 962 1985 1041 Pisonis,
2032 965 2137 1042 qui
2164 965 2369 1028 iussus
2394 973 2642 1045 parte-m
2682 964 2858 1046 legio-

397 1088 551 1131 num
588 1067 718 1148 ipse
761 1074 871 1130 aut
901 1089 1021 1147 per
1049 1066 1261 1151 filiani
1308 1067 1375 1128 in
1421 1066 1794 1129 Armeniam
1836 1066 2051 1129 ducere
2092 1072 2412 1146 ¹utrumque
2454 1067 2858 1149 neylexerat..“

398 1168 553 1233 Fuit
610 1168 997 1234 Germanico
1064 1167 1271 1231 maius
1327 1166 1662 1247 imperium
1730 1186 1918 1246 quam
1986 1167 2237 1232 Pisoni:
2328 1187 2439 1233 cur
2523 1168 2675 1233 Piso
2763 1168 2862 1232 illi

399 1289 529 1336 non
576 1267 953 1335 oboedivit?
1036 1269 1182 1332 Non
1227 1267 1484 1348 sufficit,
1533 1268 1702 1348 quod
1746 1267 1904 1332 dicit
1950 1269 2217 1335 Tacitus
2266 1289 2409 1335 eum
2451 1270 2651 1335 fuisse
2720 1272 2860 1351 „ob-

396 1372 593 1452 sequii
633 1373 989 1454 iymrum.“
1078 1370 1306 1436 Potius
1353 1370 1649 1451 equidem
1693 1370 2060 1450 putaverim
2105 1372 2427 1453 Pisonem,
2513 1372 2621 1453 qui
2685 1372 2858 1436 dele-

399 1479 573 1539 ctum
616 1492 688 1538 se
727 1475 1031 1552 habebat,
1080 1476 1152 1536 ut
1174 1471 1548 1537 Germanici
1593 1491 1739 1554 spes
1785 1479 2131 1553 coerceret,
2177 1480 2510 1555 receptum
2552 1473 2860 1539 habuisse

399 1580 514 1641 aut
557 1576 800 1641 habere
845 1574 970 1639 sibi
1013 1573 1222 1639 visum
1282 1593 1425 1638 esse
1471 1574 1537 1639 in
1584 1575 1842 1640 Tiberio
1905 1579 2021 1639 aut
2076 1575 2141 1639 in
2189 1575 2401 1657 Livia,
2472 1581 2545 1641 ut
2591 1577 2852 1641 auderet

396 1681 653 1743 tantam
694 1675 1184 1742 immodestiam.
1275 1677 1498 1756 Neque
1545 1678 1711 1742 enim
1758 1678 2061 1759 ignorare
2107 1678 2406 1759 debebat,
2470 1684 2719 1758 quanta
2760 1695 2848 1742 se-

397 1778 679 1843 veritate
725 1779 938 1843 omnia
983 1778 1279 1843 Tiberius
1336 1781 1750 1861 gubernaret,
1816 1786 1882 1843 et
1925 1797 2200 1860 poenam
2245 1779 2364 1843 tali
2406 1780 2854 1846 immodestiae

398 1879 766 1946 defuturam
809 1901 937 1945 non
985 1899 1147 1959 esse,
1207 1880 1262 1943 si
1322 1888 1551 1946 contra
1619 1882 1837 1947 Tiberi
1897 1883 2300 1948 voluntatem
2361 1882 2524 1945 haec
2583 1882 2847 1947 faceret.

398 1982 651 2048 Deinde
698 1982 881 2066 Cyrri
923 1983 1347 2048 Germanicus
1396 1990 1461 2047 et
1506 1983 1655 2048 Piso
1718 1988 2181 2062 convenerunt,
2250 1983 2364 2048 sed
2418 1984 2858 2063 „discesserant

390 2080 627 2167 *apertis*
668 2086 888 2166 odiisf‘
957 2086 1341 2166 praesertim
1398 2105 1539 2150 cum
1619 2086 1994 2151 Germanici
2048 2087 2213 2151 iram
2273 2088 2463 2150 amici
2525 2087 2855 2152 incitavis-

399 2192 575 2267 sent3
643 2207 795 2252 nam
854 2187 1293 2268 „accendendis
1356 2188 1791 2271 offensionibus
1866 2189 2076 2254 callidi
2143 2190 2456 2254 intendere
2518 2211 2681 2269 vera,
2744 2191 2852 2253 ad-

391 2312 597 2373 yerere
624 2290 801 2374 falsa
843 2291 1161 2371 ipsumque
1223 2296 1277 2354 et
1319 2291 1697 2356 Plancinam
1755 2298 1810 2355 et
1838 2291 2009 2375 filios
2049 2291 2248 2355 variis
2303 2292 2502 2355 modis
2564 2291 2851 2357 crimina-

395 2393 458 2458 ri
484 2392 612 2476 ¹).“
702 2392 1015 2457 Miramur
1080 2391 1232 2472 quid
1287 2392 1635 2457 habuerint
1699 2392 1918 2472 amici,
2007 2393 2175 2473 quod
2231 2392 2560 2458 discordes
2631 2393 2852 2459 redde·

397 2501 546 2560 rent
588 2495 892 2560 Pisonem
952 2499 1018 2558 et
1075 2494 1548 2560 Germanicum.
1639 2494 2007 2559 Verisimile
2068 2501 2170 2559 est
2222 2496 2530 2562 metuisse
2576 2515 2705 2576 eOS,
2771 2515 2854 2561 ne

397 2597 853 2678 impedimento
933 2602 1108 2661 esset
1164 2598 1314 2662 Piso
1369 2596 1470 2676 iis,
1532 2614 1698 2675 quae
1774 2597 2119 2661 voluerunt
2184 2603 2298 2661 aut
2360 2617 2499 2663 cum
2568 2607 2685 2664 aut
2735 2617 2854 2679 pro

396 2699 802 2765 Germanico.
895 2699 1112 2779 Quare
1158 2698 1297 2763 sine
1344 2699 1535 2763 dubio
1583 2698 1648 2761 id
1709 2707 2000 2780 egerunt,
2070 2703 2142 2762 ut
2186 2699 2487 2765 Pisonem
2534 2700 2855 2782 provinci-

399 2823 440 2868 a
486 2802 923 2882 demoverent,
969 2801 1034 2865 id
1081 2801 1249 2880 quod
1294 2807 1526 2881 postea
1571 2800 1858 2865 assecuti
1905 2808 2073 2882 sunt,
2121 2808 2193 2866 ut
2237 2801 2637 2883 perficerent,
2685 2822 2855 2883 quae

398 2905 522 2970 sibi
564 2908 1052 2985 proposuerant.
1145 2902 1504 2966 Voluerunt
1563 2901 1768 2983 igitur
1820 2902 2140 2985 quiddam,
2199 2905 2368 2984 quod
2427 2904 2665 2970 Pisone
2709 2924 2855 2986 pro-

396 3006 679 3073 vinciam
723 3005 1220 3071 administrante
1268 3005 1526 3085 assequi
1570 3025 1703 3070 non
1763 3010 2049 3087 possent,
2097 3006 2266 3092 quod
2311 3007 2462 3072 Piso
2508 3006 2606 3070 rei
2650 3006 2856 3087 publi-

398 3126 515 3174 cae
560 3113 628 3173 et
671 3106 1057 3189 Imperatori
1102 3106 1447 3171 obnoxium
1490 3111 1771 3187 putaret.

611 3210 861 3275 Eodem
919 3228 1089 3274 anno
1136 3208 1561 3274 Germanicus
1631 3229 1772 3274 cum
1847 3212 2185 3275 Artabano
2247 3211 2637 3274 Parthorum
2694 3228 2854 3291 rege

396 3312 623 3378 foedus
668 3312 826 3377 fecit
872 3318 939 3376 et
982 3311 1277 3391 precibus
1322 3309 1495 3376 1111118
1544 3313 1904 3392 obsequens
1940 3312 2275 3377 Vononem
2307 3330 2341 3375 e
2366 3310 2555 3374 Suria
2588 3311 2849 3376 amovit.

398 3417 639 3482 Datum
659 3416 747 3495 id,
794 3420 867 3478 ut
891 3412 987 3477 ait
1011 3414 1295 3494 Tacit-us,
1343 3435 1468 3478 non
1512 3416 1687 3479 modo
1719 3415 2014 3496 precibus
2044 3413 2377 3493 Artabani,
2406 3415 2518 3479 sed
2559 3420 2858 3480 contume-

397 3519 518 3584 liae
559 3518 841 3598 Pisonis,
909 3516 1012 3581 cai
1050 3515 1459 3599 mati-§simus
1522 3517 1592 3581 ob
1639 3516 1928 3599 plurima
1993 3514 2201 3599 officia
2264 3520 2321 3580 et
2383 3516 2565 3596 dona,
2629 3515 2856 3599 quibus

397 3620 777 3686 Plancinam
862 3617 1221 3684 devinxerat
1297 3616 1431 3699 2).“
1554 3617 1739 3698 Quod
1868 3636 1996 3681 non
2087 3620 2188 3681 est
2273 3634 2386 3681 cur
2466 3617 2850 3700 dubitemuS,

398 3723 701 3805 quoniam
743 3719 957 3786 fontes
1000 3718 1190 3784 huius
1235 3719 1361 3784 loci
1403 3720 1679 3786 vidimus
1735 3719 2000 3785 fluxisse
2046 3739 2085 3783 a
2130 3717 2503 3785 Germanici
2548 3720 2789 3785 amicis.

608 3825 800 3888 Anno
844 3823 1028 3887 XIX.
1080 3818 1219 3904 „M.
1267 3822 1508 3887 Silano
1534 3822 1615 3886 L.
1645 3819 1965 3886 Norbano
2000 3821 2379 3886 consulibus
2418 3821 2855 3888 Germanicus

395 3933 468 3995 in
514 3930 895 4016 Aeqyptum
928 3929 1390 4014 proficiscitur
1435 3929 1930 4012 coqnoscendae
1976 3931 2429 4012 antiquitati&
2502 3928 2645 3994 Sed
2686 3951 2854 3995 cura

412 4191 425 4195 -
432 4189 778 4198 ι..,,-.---.,.,-,.-......-
788 4189 845 4196 ...Ἀ
852 4191 1008 4197 ...ἣ-...-

608 4357 652 4423 ¹)
688 4359 827 4414 Ann.
867 4358 922 4411 H
954 4358 1035 4415 57.

604 4441 652 4508 ’)
689 4443 829 4495 Ann.
867 4442 921 4495 H
957 4443 1042 4499 58.
