3144 4920
1440 267 1863 339 2-2'0-2.

415 480 782 553 currusque
827 452 1110 551 quinque
1153 464 1382 528 liberis
1427 472 1723 527 onustus.
1814 463 1958 528 Sed
1996 464 2273 529 suberat
2321 464 2590 530 occulta
2628 464 2889 553 formi-

417 575 543 650 do,
586 572 1059 657 reputantibus
1101 572 1288 636 haud
1323 592 1719 655 prosperum
1763 572 1833 632 in
1874 569 2108 635 Druso
2142 582 2351 655 patre
2396 576 2538 637 eius
2567 577 2888 659 favorem

412 681 637 765 vulyi,
697 680 1092 744 avunculum
1148 679 1436 741 eiusdem
1496 676 1897 760 Illarcellum
1944 680 2396 763 slaqrantibns
2467 679 2686 764 plebis
2726 689 2888 743 stu-

416 789 552 850 diis
594 789 781 850 intra
826 789 1161 850 iuventam
1203 793 1528 868 ereptum,
1575 784 1803 846 breves
1827 792 1891 846 et
1928 786 2267 869 infaustos
2301 788 2547 871 populi
2581 788 2893 851 Romani

415 915 673 957 amores
704 893 830 975 1).“
918 894 1102 957 Haec
1147 890 1381 972 opinio,
1437 889 1894 982 Grermanicum
1958 896 2375 972 praematura
2418 898 2624 956 morte
2689 896 2886 958 abre-

410 1004 586 1077 ptum
632 995 730 1076 iri,
778 995 931 1074 quin
955 995 1020 1058 in
1044 994 1276 1075 populo
1321 993 1712 1073 pervulgata
1752 991 1967 1075 fuerit,
2011 1012 2141 1058 non
2188 998 2287 1057 est
2324 992 2604 1075 dubium,
2651 1002 2880 1079 atque,

410 1103 484 1162 ut
540 1102 719 1161 recte
785 1098 950 1162 vidit
1003 1096 1442 1177 Altemoeller,
1507 1095 1789 1160 fortasse
1867 1114 1941 1160 eo
2002 1115 2251 1177 quoque
2308 1095 2701 1162 declaranda
2746 1104 2878 1181 est,

418 1200 586 1280 quod
631 1199 759 1263 iam
804 1206 939 1263 tum
986 1197 1359 1263 Germanici
1402 1198 1710 1262 valetudo
1756 1202 1890 1262 tam
1921 1198 2267 1280 profligata
2312 1202 2471 1275 erat,
2502 1203 2574 1261 ut
2614 1199 2876 1265 valetu-

410 1303 622 1366 dinem
669 1301 925 1365 restitui
968 1320 1160 1382 posse
1205 1318 1391 1364 nemo
1437 1299 1748 1363 crederet.

622 1405 782 1467 Post
817 1402 1209 1483 triumphum
1256 1402 1606 1484 „Tiberius
1637 1405 1897 1466 nomine
1926 1402 2315 1467 Germanici
2350 1411 2651 1466 trecenos
2683 1404 2875 1487 plebi

408 1512 756 1573 sestertios
798 1511 1056 1572 viritim
1099 1510 1285 1573 dedit
1329 1530 1526 1593 seque
1588 1510 1904 1594 colleqam
1951 1509 2336 1573 consulatui
2379 1511 2524 1572 eius
2566 1509 2867 1573 destina-

405 1620 507 1680 vit
532 1616 665 1699 2).“
736 1617 878 1680 Non
920 1616 1174 1697 desunt,
1194 1618 1300 1695 qui
1325 1616 1488 1679 haec
1510 1615 1708 1680 etiam
1730 1616 2044 1680 beneficia
2077 1614 2296 1680 Tiberi
2318 1614 2385 1678 in
2409 1615 2858 1681 Germanicum

407 1723 655 1800 putent,
716 1718 945 1799 quibus
1007 1717 1293 1782 amicitia
1349 1706 1523 1782 inter
1596 1724 1934 1797 utrumque
1992 1719 2317 1799 probetur.
2410 1716 2537 1781 Sed
2602 1724 2861 1798 quotus-

409 1821 673 1901 quisque
718 1826 852 1884 tum
896 1820 1164 1900 ignarus
1212 1825 1372 1902 erat,
1433 1819 1727 1886 donativi
1787 1819 1978 1901 illius,
2038 1818 2333 1899 quamvis
2398 1818 2658 1883 nomine
2703 1820 2861 1885 Ger-

406 1924 644 1987 manici
712 1922 1227 2003 distribueretur,
1311 1927 1643 1986 auctorem
1703 1922 1902 1986 fuisse
1963 1920 2288 1986 Tiberium
2307 1920 2341 1984 *ἓ
2451 1920 2669 2001 Quare
2729 1942 2859 1987 non

405 2026 632 2089 mirum
679 2030 799 2105 est,
846 2023 1012 2104 quod
1059 2024 1274 2105 pergit
1299 2025 1595 2088 Tacitus:
1646 2047 1806 2105 „nec
1850 2025 2001 2088 ideo
2044 2025 2451 2088 sincerae
2513 2027 2710 2088 cari
2724 2034 2859 2088 ta-

407 2130 535 2191 tis
573 2127 852 2212 sidem
916 2134 1407 2189 assecutus
1451 2128 1830 2190 amoliri
1871 2130 2275 2191 iuvenem
2337 2128 2649 2211 specie
2706 2127 2856 2190 Ιιο-

405 2233 660 2293 noris
703 2231 1058 2293 statuit
1102 2232 1651 2312 struxitque
1711 2252 2048 2294 causas
2091 2238 2247 2293 aut
2285 2232 2543 2314 forte
2604 2229 2852 2292 obla-

406 2341 551 2395 tas
638 2335 1012 2416 arripui
1032 2339 1061 2392 t
1108 2330 1239 2413 2).“
1330 2331 1512 2412 Quod
1589 2332 2008 2413 interpretari
2090 2331 2283 2396 alit-er
2325 2350 2456 2395 non
2515 2350 2851 2413 possumus

402 2435 530 2500 nisi
574 2436 695 2499 hoc
742 2435 962 2499 modo:
1010 2433 1162 2514 quia
1205 2453 1335 2498 non
1381 2434 1595 2514 potuit
1639 2434 1954 2516 Tiberius,
2001 2433 2295 2515 quamvis
2343 2451 2602 2514 operam
2650 2433 2855 2516 daret,

401 2539 706 2619 populum
751 2537 1049 2617 decipere
1095 2541 1162 2599 et
1191 2536 1378 2599 fidem
1426 2537 1720 2601 sincerae
1787 2537 2081 2601 caritatis
2127 2539 2192 2599 in
2255 2534 2712 2601 Germanicum
2758 2556 2857 2600 as-

403 2640 602 2720 sequi,
648 2639 991 2720 intellexit,
1040 2639 1096 2701 si
1140 2639 1234 2702 ita
1282 2643 1474 2717 esset,
1533 2639 1904 2703 Germanici
1949 2638 2237 2703 favorem
2309 2658 2436 2702 non
2485 2638 2655 2718 apud
2699 2638 2855 2719 legi-

404 2760 558 2806 ones
602 2741 810 2822 modo7
859 2742 972 2805 sed
1019 2740 1216 2804 etiam
1262 2740 1433 2820 apud
1477 2741 1780 2825 populum
1805 2742 2166 2805 Romanum
2216 2740 2338 2804 sibi
2382 2740 2666 2807 futurum
2712 2761 2854 2807 esse

402 2862 646 2907 summo
669 2843 976 2923 pericuIO,
1024 2849 1090 2906 et
1114 2842 1347 2906 stat-uit
1368 2842 1826 2906 Germanicum
1872 2845 1955 2907 ab
1999 2845 2158 2906 urbe
2191 2861 2540 2908 removere.
2622 2843 2854 2925 Quam-

403 2947 619 3009 obrem
671 2948 985 3026 „struxit
1033 2965 1278 3007 causas
1323 2952 1442 3007 aut
1483 2946 1669 3026 forte
1706 2943 1967 3008 oblatas
2013 2945 2390 3028 arripuit,“
2436 2945 2501 3007 id
2563 2946 2730 3026 quod
2789 2947 2850 3011 in

400 3046 610 3109 medio
657 3046 919 3126 reliquit
979 3045 1265 3111 Tacitus.
1372 3046 1556 3109 Haec
1619 3046 1833 3111 omnia
1894 3054 2026 3112 tam
2075 3047 2255 3111 clara
2300 3051 2469 3126 sunt,
2530 3055 2603 3112 ut
2666 3049 2855 3113 mirer

403 3167 534 3229 eos,
580 3148 687 3227 qui
732 3147 925 3211 aliter
966 3147 1385 3228 interpretari
1431 3167 1510 3211 ea
1575 3149 1915 3213 voluerint.
2008 3151 2225 3229 Quare
2274 3146 2492 3211 facere
2537 3168 2665 3214 non
2711 3172 2852 3232 pos-

401 3268 636 3332 sumus,
683 3249 834 3330 quin
881 3249 1355 3313 simulationem
1402 3250 1724 3329 quandam
1790 3252 1856 3315 in
1903 3250 2161 3316 Tiberio
2221 3248 2424 3312 fuisse
2469 3254 2849 3334 statuamusy

400 3371 542 3416 cum
617 3352 862 3415 diceret
928 3351 1097 3431 apud
1168 3358 1466 3415 senatum
1549 3375 1709 3434 „nec
1755 3375 1949 3436 posse
2006 3360 2249 3416 motum
2331 3349 2667 3417 Orientem
2730 3357 2856 3419 nisi

404 3455 789 3517 Germanici
827 3455 1153 3535 sapientia
1186 3457 1527 3535 componi:
1570 3477 1720 3519 nam
1763 3476 1944 3520 suam
1978 3464 2260 3519 aetatem
2303 3476 2602 3539 veryere,
2651 3455 2854 3522 Drusi

399 3546 689 3619 nondum
741 3558 903 3619 satis
936 3556 1296 3621 adolevisse
1346 3556 1475 3639 ³).“
1567 3558 1694 3621 Sed
1740 3558 2021 3623 debebat
2065 3576 2134 3622 se
2178 3567 2405 3637 gerere
2450 3559 2578 3640 ita3
2652 3578 2849 3639 neque

403 3658 570 3721 enim
616 3658 831 3737 palam
877 3659 1089 3722 dicere
1158 3658 1216 3721 ei
1260 3658 1527 3741 licebat,
1576 3660 1803 3739 quibus
1862 3660 2074 3724 causis
2140 3679 2211 3724 re
2278 3679 2436 3725 vera
2503 3668 2848 3726 commotus

401 3761 857 3824 Germanicum
921 3760 1003 3825 ad
1058 3765 1300 3824 motum
1365 3760 1545 3825 illum
1592 3762 2098 3842 componendum
2164 3762 2541 3828 destinaret.
2650 3764 2848 3846 „Tum

402 3863 668 3926 decreto
722 3870 1001 3945 patrum
1057 3866 1442 3946 permissae
1490 3864 1889 3926 (zm-manico
1964 3867 2380 3947 provinciae,
2444 3886 2613 3948 quae
2682 3869 2852 3928 mari

401 3970 818 4052 dividuntur,
865 3971 1208 4050 maiusque
1258 3972 1604 4053 imperium
1627 4018 1650 4045 9
1695 3990 1952 4053 quoquo
1997 3972 2293 4048 adisset,
2336 3992 2528 4054 quam
2575 3974 2699 4048 iis,
2743 3975 2851 4054 qui

613 4279 668 4343 ¹)
708 4279 849 4331 Ann.
887 4276 940 4330 II
976 4277 1057 4333 41.

607 4364 668 4426 ²)
703 4364 842 4417 Ann.
878 4362 931 4415 II
967 4362 1049 4417 42.

609 4445 657 4516 ⁸)
692 4448 836 4500 Ann.
876 4447 945 4501 Π.
985 4444 1069 4503 43.
