3144 4920
1408 296 1830 355 -25-

382 474 741 556 cupidinem
843 475 1051 555 illam,
1166 475 1275 556 (1111
1361 480 1554 540 erant
1636 477 1748 541 illi
1817 480 2074 542 veteres
2178 479 2304 543 loci
2392 484 2508 543 aut
2607 478 2835 558 quibus

383 581 576 645 rebus
623 586 812 644 erant
856 577 1220 644 celebrati?
1302 579 1463 644 Mihi
1507 581 1715 661 prima
1760 596 1959 645 causa
2002 581 2148 645 illos
2196 581 2375 647 locos
2415 583 2697 648 adeundi
2739 583 2831 649 vi-

378 683 567 746 detur
643 681 1031 746 Germanico
1090 681 1291 745 fuisse
1357 683 1502 763 illa,
1591 702 1782 763 quam
1846 683 2112 748 Tacitus
2180 684 2371 748 affert
2455 686 2642 765 quasi
2700 705 2832 750 rem

381 785 719 864 minorem,
766 789 839 848 111
881 783 1249 863 provincias
1310 785 1520 850 fessas
1565 786 1921 865 refoveret,
1986 805 2128 850 eum
2189 804 2346 850 vero
2393 787 2624 868 cupido
2670 787 2831 852 anti-

380 887 661 968 quitates
723 885 1028 950 noscendi
1095 888 1178 951 ab
1236 887 1346 951 illo
1415 888 1967 968 praetenderetur.
2082 887 2225 968 Qua
2285 908 2366 952 ex
2427 888 2833 955 simulatione

379 988 816 1070 intellegimus
860 987 991 1052 iam
1038 989 1231 1054 aliam
1277 989 1336 1053 ei
1381 989 1582 1054 fuisse
1627 1009 1925 1073 causam,
1973 1011 2165 1071 quam
2210 990 2595 1072 scriptores,
2641 992 2751 1071 qui
2794 1013 2834 1056 a

381 1089 768 1158 Germanico
815 1091 1110 1171 stabant,
1158 1091 1447 1172 proferre
1492 1111 1622 1155 non
1655 1098 1949 1173 possent,
1998 1099 2193 1173 atque
2218 1111 2387 1171 eam,
2433 1093 2602 1171 quod
2637 1095 2836 1158 vellet

380 1196 502 1261 sibi
548 1216 781 1277 parare
826 1194 1304 1276 provinciarum
1347 1195 1672 1259 favorem:
1720 1194 1815 1258 ita
1850 1195 2129 1260 Athenis
2154 1212 2404 1274 quoque
2447 1213 2574 1258 uno
2607 1194 2837 1259 lictore

379 1318 532 1364 usus
599 1303 733 1378 est,
802 1302 876 1361 ut
939 1297 1178 1361 Grraeci
1234 1296 1584 1360 laudarent
1658 1297 2029 1362 comitatem
2092 1317 2291 1362 suam.
2398 1295 2578 1376 Quae
2636 1296 2839 1377 igitur

378 1401 628 1465 fecerat
674 1401 844 1481 apud
886 1398 1178 1479 legiones
1205 1398 1666 1478 Germanicas,
1714 1418 1880 1478 quae
1924 1399 2174 1464 fecerat
2202 1401 2480 1479 Romae,
2526 1418 2714 1477 quam
2755 1401 2838 1462 ob

381 1523 645 1568 causam
708 1523 747 1567 a
810 1500 1068 1566 Tiberio
1114 1506 1458 1564 revocatus
1507 1506 1572 1563 et
1629 1499 1697 1564 in
1758 1500 2088 1565 Orientem
2146 1502 2381 1565 missus
2445 1505 2621 1581 erat,
2678 1502 2842 1565 haec

383 1604 608 1691 eadem
652 1610 786 1668 tum
831 1609 1106 1668 conatus
1153 1607 1253 1666 est
1297 1602 1493 1667 etiam
1538 1602 1603 1666 in
1651 1602 1950 1683 Oriente,
2015 1623 2254 1684 angere
2299 1602 2592 1667 favorem
2639 1621 2826 1667 suum.

550 1709 627 1770 In
674 1708 796 1770 1100
843 1704 1066 1769 30113111
1113 1703 1343 1767 11111313
1390 1704 1639 1786 appulit
1684 1704 1767 1768 ad
1792 1704 2199 1786 Colophona,
2250 1711 2356 1786 „nt
2407 1704 2614 1769 Clarii.
2658 1705 2835 1788 Apol-

381 1809 532 1873 linis
574 1810 816 1875 oraculo
857 1812 1127 1872 uteretur
1153 1805 1235 1889 ¹);
1252 1808 1287 1838 “
1336 1811 1403 1869 et
1448 1808 1808 1891 „ferebatur
1861 1807 2230 1873 Germanico
2267 1830 2383 1889 per
2425 1809 2724 1889 amhayes,
2772 1813 2838 1870 ‘ut

382 1934 510 1976 mos
552 1911 803 1991 oraculi,
850 1916 1165 1973 maturum
1209 1909 1467 1974 effitiunt
1510 1909 1856 1975 cecinissef‘
1926 1908 2835 1993 Ι)1011Τ11011113,,ιγῖῑῐνεέὒιιίήν,*ζζ

382 2013 495 2077 sed
565 2013 620 2078 si
697 2031 919 2077 verum
998 2016 1173 2090 erat,
1250 2010 1446 2075 etiam
1515 2012 1636 2074 hoc
1702 2011 2108 2075 referendum
2187 2017 2287 2076 est
2374 2011 2455 2075 ad
2543 2010 2836 2075 miseram

381 2114 753 2180 Germanioi
798 2113 1254 2177 valetudinem.
1316 2113 1544 2194 Pergit
1589 2113 1856 2178 Tacitus
1883 2113 1986 2195 ἧς
2078 2115 2208 2193 „At
2294 2114 2405 2178 Cn.
2498 2115 2666 2193 Piso,
2726 2134 2842 2193 qno

372 2217 813 2298 properantius
855 2218 1276 2281 destinata
1334 2217 1774 2298 inciperet,
1818 2217 2119 2281 civitatem
2187 2216 2662 2280 Atheniensium
2719 2221 2840 2278 tnr-

382 2321 520 2383 bido
562 2342 802 2384 exeessn
845 2320 1196 2384 exterritam>
1239 2321 1510 2383 oratione
1551 2343 1733 2385 saeva
1779 2319 2068 2401 increpat,
2115 2319 2349 2399 oblique
2402 2319 2842 2383 Germanicum

371 2423 811 2504 perstrinyens,
858 2425 1021 2505 qnod
1080 2430 1290 2488 eontra
1321 2425 1525 2488 'demas
1585 2423 1858 2486 Romani
1927 2421 2200 2486 nonn'nis
2253 2443 2373 2485 non
2444 2422 2845 2485 Athenienses

382 2531 463 2588 tot
504 2525 777 2589 cladibus
819 2527 1123 2603 extinctos,
1169 2529 1275 2591 sed
1329 2527 1664 2591 conluviem
1719 2525 1886 2588 illam
1933 2525 2256 2589 nationum
2314 2525 2586 2589 comitate
2643 2522 2846 2586 nimia

386 2629 715 2692 coluissetf·
775 2627 942 2707 Quid
988 2629 1112 2691 sibi
1156 2628 1364 2692 velint
1406 2629 1611 2691 verba
1668 2627 1809 2690 illa:
1878 2649 2035 2708 „quo
2083 2627 2526 2709 propercmtius
2584 2627 2843 2689 destina-

386 2737 448 2793 ta
476 2731 831 2812 inciperetf‘
874 2750 1003 2794 non
1052 2731 1213 2794 satis
1260 2730 1502 2793 clarum
1550 2735 1667 2792 est.
1738 2728 2072 2807 Quaenam
2121 2736 2309 2794 erant
2331 2729 2444 2793 illa
2462 2724 2841 2791 destinata?

384 2831 577 2896 facile
666 2833 941 2913 eogitari
1027 2838 1246 2913 potest
1346 2833 1424 2894 de
1526 2832 1795 2895 occultis
1899 2832 2227 2896 mandatis
2328 2831 2577 2910 Tiberi,
2678 2847 2846 2909 quae

388 2958 584 3019 supra
670 2940 1184 3006 memoravimus.
1293 2941 1395 3003 An
1483 2943 1673 3002 erant
1761 2935 1869 3018 ea,
1959 2957 2124 3018 qnae
2213 2939 2296 3002 ad
2387 2936 2727 3002 efficienda
2773 2923 2844 2999 se

386 3039 703 3106 delectum
746 3043 979 3108 habuit
1032 3039 1228 3105 Piso?
1314 3041 1537 3105 Voluit
1614 3045 1829 3104 autem
1903 3042 2084 3122 Piso,
2166 3060 2307 3105 011111
2381 3057 2450 3103 33
2524 3040 2845 3103 delectum

386 3147 661 3208 haberet
736 3145 818 3210 ad
922 3162 1069 3225 spes
1147 3142 1516 3209 Germanici
1611 3143 2031 3222 coemendas„
2114 3159 2509 3223 quacumque
2590 3140 2845 3204 ratione

387 3246 722 3326 impedire,
811 3247 1146 3325 quominus
1236 3251 1585 3325 augeretur
1671 3245 2043 3310 Germanioi
2119 3244 2322 3309 favor.
2416 3242 2844 3322 Quamobrem

387 3349 556 3428 apud
630 3349 1067 3413 Athenienses
1147 3348 1562 3427 reprehendit
1637 3347 2127 3426 Germanicum,
2212 3345 2381 3426 quod
2470 3345 2848 3424 „conluviem

386 3452 558 3515 illam
622 3451 945 3515 nationum
1010 3450 1282 3515 comitate
1339 3450 1542 3514 nimia
1597 3450 1927 3515 eobzcisset.“
2018 3448 2120 3512 Ad
2176 3450 2300 3512 hoe
2366 3466 2616 3526 quoque
2682 3445 2846 3510 refe-

386 3552 655 3617 rendum
735 3557 870 3632 est,
939 3552 1108 3632 quod
1181 3551 1340 3614 dicit
1409 3550 1721 3615 Tacitus:
1770 3551 1941 3630 apud
2005 3550 2302 3613 Rhodum
2363 3548 2639 3613 insulam
2700 3553 2847 3613 orta

387 3657 779 3735 tempestate
839 3654 1141 3718 Pisonem
1209 3671 1290 3715 ex
1353 3652 1724 3717 discrimine
1787 3657 2077 3733 ereptum
2135 3670 2279 3716 esse
2358 3671 2398 3715 a
2456 3650 2846 3716 Germanico

389 3775 776 3837 quamquam
850 3758 1061 3836 ,hand
1142 3757 1397 3838 iynam,
1485 3755 1707 3837 quibus
1769 3754 2265 3820 insectationibus
2327 3755 2549 3835 petitus
2617 3754 2823 3837 joret.‘

387 3857 807 3924 Manifestum
854 3863 955 3922 est
999 3858 1082 3922 ad
1125 3860 1247 3922 hoe
1295 3857 1701 3922 scribendum
1760 3857 2054 3920 Tacitum
2121 3876 2306 3920 usum
2353 3874 2498 3920 esse
2560 3860 2847 3935 31101013,

389 3962 496 4042 (1111
554 3959 966 4025 familiariter
1024 3979 1176 4024 usus
1223 3959 1611 4025 Germanico
1681 3976 1949 4038 eumque
2008 3958 2074 4022 in
2121 3958 2452 4023 Orientem
2500 3956 2846 4021 comitatus

390 4068 506 4127 est.
602 4062 790 4126 Certe
852 4062 1020 4126 enim
1079 4061 1278 4125 illud:
1344 4059 1840 4142 „inseetationes“
1906 4059 1985 4123 de
2059 4060 2432 4126 Germanioi
2520 4057 2849 4123 sententia

600 4405 644 4471 ¹)
681 4404 824 4457 Ann.
864 4401 921 4455 H
955 4401 1038 4457 54.

601 4488 648 4554 ²)
685 4487 823 4541 Ann.
862 4485 917 4539 11
953 4485 1038 4543 55.
