3144 4920
1293 299 1712 356 ..23-

251 502 332 549 ex
374 484 504 548 hac
570 500 644 546 re
706 480 1025 546 efficiatur
1082 479 1387 545 Pisonem
1447 498 1581 545 non
1643 481 1918 547 amicum
1974 479 2178 546 fuisse
2222 479 2501 546 Tiberio.
2591 478 2722 544 Sed

244 590 467 672 pergit
509 586 965 653 Altemoeller:
1012 585 1080 651 in
1123 586 1420 651 Marcelli
1465 604 1667 653 causa
1714 606 1856 653 cum
1888 586 2184 653 Tiberius
2229 585 2718 666 proclamasset,

245 719 373 779 „se
417 716 675 781 quoque
719 695 1014 758 laturum
1071 694 1469 757 sententiam
1512 693 1745 778 palam
1789 703 1855 757 et
1899 696 2194 758 iuratum
2217 741 2241 768 ,
2303 712 2431 775 quo
2477 694 2721 755 ceteris

244 806 488 870 eadem
563 803 933 866 necessitas
1002 800 1259 886 fieret,“
1365 799 1671 866 Pisonem
1752 800 2224 881 interrogasse:
2310 819 2491 883 „quo
2571 798 2716 862 loeo

248 911 555 977 censebis
599 905 901 972 Caesar?
942 910 1007 970 si
1037 909 1348 991 primus,
1391 906 1601 971 liabeo
1645 908 1825 990 quod
1856 927 2140 991 sequar:
2182 910 2247 979 si
2269 915 2435 991 post
2478 891 2719 982 omnis,

255 1039 494 1080 vereor
535 1039 612 1079 ne
653 1016 1037 1099 imprudens
1079 1015 1533 1079 dissentiam.“
1599 1014 1698 1079 Ne
1741 1015 1865 1079 hoc
1908 1013 2162 1094 quidem
2205 1015 2396 1079 docet
2416 1013 2716 1078 Pisonem

255 1145 391 1190 non
434 1123 632 1189 fuisse
678 1121 941 1187 Tiberio
990 1121 1282 1203 amicum,
1349 1120 1734 1203 praesertim
1805 1140 1949 1186 cum
2016 1120 2263 1187 odisset
2342 1121 2717 1186 adulatores

257 1230 567 1296 Tiberius.
681 1229 914 1294 Mirum
961 1228 1161 1309 igitur
1202 1228 1479 1309 videtur,
1526 1228 1697 1308 quod
1741 1225 2162 1292 Altemoeller
2193 1225 2289 1308 ¹):
2361 1225 2497 1306 „So
2542 1226 2718 1307 πῖθι

256 1360 330 1401 er
348 1340 409 1420 ,“
461 1335 706 1416 inquit,
766 1336 1124 1418 „nirqends
1189 1336 1299 1400 die
1349 1335 1739 1420 Gesinnunq
1800 1337 1982 1399 eines
2039 1332 2308 1397 wahren
2370 1333 2719 1396 Freundes

254 1446 414 1511 oder
454 1464 590 1528 yar
645 1442 756 1504 die
814 1443 994 1505 eines
1046 1444 1254 1527 seiten
1298 1442 1811 1525 Hossckranzen
1833 1490 1856 1518 ‚
1924 1441 2213 1504 sondern
2258 1439 2521 1503 iiberall
2561 1442 2716 1502 tritt

246 1575 319 1615 er
363 1552 612 1615 hervor
654 1549 760 1612 als
802 1550 924 1613 der
966 1570 1095 1612 von
1140 1548 1584 1632 itnbdndiqem
1628 1548 1960 1614 Hockmut
2019 1549 2161 1612 und
2211 1546 2404 1611 Trotz
2451 1547 2720 1632 erfitllte

248 1656 818 1723 aristolcraciscke
902 1657 1230 1733 Senator,
1319 1656 1441 1720 der
1527 1656 1647 1720 des
1733 1657 2025 1720 Fae'trsten
2117 1654 2513 1739 Ansprit’che
2595 1657 2731 1737 auf

256 1766 393 1829 den
469 1763 679 1828 Thron
743 1766 865 1827 mit
943 1763 1135 1826 Stolz
1195 1765 1505 1848 vern-ars
1580 1765 1723 1827 und
1791 1764 1920 1827 den
1983 1761 2236 1826 Kaisar
2319 1761 2525 1824 selbst
2611 1762 2718 1825 als

261 1874 448 1935 einen
490 1870 867 1954 mc‘ichtiqen
913 1868 1222 1951 Plebaegjer
1266 1868 1709 1948 betracloetete,
1754 1871 1881 1934 den
1927 1871 2033 1933 ein
2066 1867 2265 1946 Atem
2310 1889 2452 1931 :um
2499 1867 2716 1951 Impe-

260 1987 450 2042 rator
486 1977 797 2062 qemaclit
813 1977 957 2041 und
1003 1977 1135 2040 den
1170 1978 1279 2040 ein
1321 1975 1518 2040 Atem
1543 1975 1719 2041 ancli
1734 1983 2004 2041 stiirzen.
2023 1975 2329 2047 Ιιτοηηιεέζ
2394 1975 2521 2039 Sed
2547 1974 2718 2055 quod

256 2085 321 2150 in
367 2084 651 2166 epistula
695 2084 810 2149 illa
855 2085 1047 2165 paulo
1095 2088 1251 2148 ante
1296 2088 1567 2148 mortem
1613 2083 1859 2164 scripta
1881 2084 2033 2148 Piso
2084 2101 2154 2147 se
2177 2081 2394 2148 Tiberi
2441 2080 2716 2145 amicum

253 2191 559 2279 appellet,
627 2190 779 2270 quia
850 2196 1102 2271 pugnat
1174 2209 1318 2254 cum
1360 2190 1808 2255 Altemoelleri
1875 2189 2193 2271 opinione,
2262 2187 2506 2252 minimi
2572 2206 2717 2252 esse

257 2296 603 2378 momenti,
646 2317 799 2361 nam
822 2295 1017 2361 facile
1060 2296 1213 2360 fiere
1259 2313 1471 2378 posse,
1517 2299 1592 2362 ut
1619 2297 1771 2362 Piso
1817 2301 2273 2378 praemetuens
2317 2294 2542 2359 liberis
2588 2293 2723 2358 suis

252 2403 713 2478 innocentibus
761 2402 1165 2469 simulaverit
1210 2402 1583 2469 amicitiam.
1653 2404 1780 2468 Sed
1826 2405 1946 2468 hoc
1992 2402 2048 2468 si
2091 2401 2187 2467 ita
2231 2400 2483 2483 fuisset,
2529 2401 2725 2466 valde

252 2512 533 2575 moleste
606 2510 867 2575 tulisset
908 2511 1273 2591 Imperator
1334 2529 1541 2590 neque
1606 2516 1742 2575 tam
1799 2509 2080 2591 benigne
2137 2508 2480 2590 epistulam
2545 2526 2725 2572 acce-

256 2617 486 2698 pisset,
531 2620 604 2682 ut
625 2616 798 2680 fecit.
867 2617 1089 2696 Neque
1133 2616 1305 2697 Piso,
1352 2616 1408 2681 si
1451 2616 1548 2682 ita
1595 2637 1666 2681 se
1711 2616 2044 2698 gessisset,
2088 2620 2163 2681 ut
2205 2616 2347 2683 vult
2384 2614 2731 2679 Altemoel-

259 2727 375 2805 ler‚
427 2729 494 2787 et
552 2723 960 2805 despexisset
1014 2722 1372 2804 Tiberium,
1419 2728 1676 2788 tantum
1738 2742 2038 2803 umquam
2082 2739 2466 2803 progressus
2532 2726 2727 2803 esset,

258 2836 337 2895 ut
397 2830 775 2913 adularetur
840 2834 907 2893 et
971 2828 1244 2895 amicum
1291 2828 1510 2893 Tiberi
1576 2848 1721 2894 sese
1784 2829 2121 2910 apellaret.
2212 2827 2466 2900 Deinde
2534 2826 2731 2891 etiam

259 2936 528 3016 amicOS,
575 2955 718 3000 cum
762 2940 1117 3016 monerent,
1162 2940 1235 3001 ut
1270 2935 1423 3000 Piso
1468 2934 1872 3016 provinciam
1917 2954 2102 2999 suam
2148 2932 2346 2998 anuis
2385 2937 2729 3014 repeteret,

258 3042 630 3123 accepimns
697 3043 979 3107 locutos:
1042 3050 1184 3122 „est
1227 3040 1356 3104 tibi
1403 3041 1727 3105 Caesaris
1765 3045 1973 3123 favor
2002 3041 2150 3124 2).“
2241 3038 2515 3103 Accedit
2557 3040 2728 3119 quod

255 3149 419 3215 Piso
485 3153 635 3230 post
677 3147 1050 3213 Germanici
1116 3153 1406 3228 mortem,
1474 3153 1548 3213 ut
1611 3147 1784 3214 infra
1825 3146 2206 3227 videbimuS,
2276 3145 2360 3210 ad
2405 3145 2732 3210 Tiberium

255 3253 446 3321 misit
511 3261 578 3319 et
621 3255 898 3335 litteraS,
960 3273 1076 3334 per
1145 3273 1306 3334 quas
1352 3254 1812 3319 Germanicum
1877 3254 2207 3318 incusaret
2256 3251 2345 3335 ³),
2417 3255 2486 3315 et
2528 3251 2728 3316 filium

259 3378 454 3425 snum
505 3360 593 3442 4),
661 3365 736 3426 ut
777 3359 1067 3425 favorem
1133 3358 1556 3440 Imperatoris
1623 3358 2094 3425 reconciliaret.
2199 3359 2364 3422 Num
2430 3361 2730 3438 putamus

258 3470 392 3533 hoc
456 3485 599 3531 eum
663 3466 990 3531 facturum
1049 3464 1270 3546 fuisse,
1337 3464 1394 3530 si
1459 3464 1867 3546 despexisset
1912 3463 2240 3529 Tiberium
2305 3468 2421 3527 aut
2484 3461 2538 3526 si
2604 3483 2733 3527 non

260 3572 516 3639 amicus
562 3572 660 3637 illi
702 3571 984 3637 fuisset?
1056 3572 1249 3636 Hunc
1293 3571 1502 3636 virum
1547 3571 1809 3653 ingenio
1856 3570 2229 3650 violentum,
2277 3568 2401 3633 sibi
2444 3568 2732 3633 deditum

260 3678 500 3745 Suriae
543 3677 862 3759 praefecit
905 3676 1232 3743 Tiberius:
1282 3698 1529 3761 „neque
1586 3677 1694 3742 liic
1748 3677 2018 3743 dubium
2080 3673 2368 3739 habebat
2412 3696 2483 3738 se
2555 3676 2733 3739 dele-

258 3793 477 3861 ctum,
522 3786 639 3867 qni
695 3785 949 3849 Suriae
1008 3785 1466 3866 imponeretur
1518 3787 1615 3851 ad
1654 3806 1810 3870 spes
1875 3783 2262 3852 Germanici
2304 3783 2732 3847 coercendas.

261 4045 885 4057 ———..—-————

488 4230 543 4294 ¹)
581 4244 709 4297 pag.
747 4229 823 4285 17.

485 4318 543 4380 ’)
580 4315 721 4368 Ann.
762 4314 816 4367 H
854 4315 936 4371 77.

487 4400 547 4465 8)
583 4402 724 4453 Ann.
765 4401 819 4453 II
855 4400 939 4456 78.

490 4486 548 4552 ⁴¹)
584 4487 726 4543 Ann-
763 4486 845 4544 III
879 4486 925 4543 8.
