3144 4920
1429 285 1854 342 ...24-

408 458 771 526 Credidere
812 464 1083 547 quidam
1128 462 1295 530 data
1338 476 1404 530 et
1447 488 1493 531 a
1549 465 1809 531 Tiberio
1832 467 2098 531 occulta
2122 466 2445 531 mandata
2484 465 2620 549 ¹).“
2687 466 2877 538 Nihil

403 569 566 633 certi
648 571 1045 652 accepimus:
1107 593 1237 638 non
1323 574 1482 639 dicit
1540 575 1809 639 Tacitus
1898 574 2153 638 dedisse
2201 573 2546 645 ,Tiberium
2607 574 2872 641 occulta

401 676 733 757 mandata,
797 678 910 742 sed
957 680 1305 746 credidisse
1350 682 1471 746 hoc
1517 681 1859 761 quosdam;
1906 699 2034 744 non
2101 680 2422 744 delectum
2487 698 2631 743 esse
2676 679 2867 744 Piso-

401 798 546 844 nem
593 782 679 845 ad
723 785 1114 851 coercendas
1138 786 1510 852 Germanici
1556 779 1725 867 spes,
1773 786 1885 851 sed
1930 788 2051 850 hoc
2074 804 2202 850 non
2248 784 2508 850 dubium
2555 785 2869 850 habuisse

398 886 716 953 Pisonem.
809 891 936 956 Sed
1002 895 1228 972 quales
1295 899 1486 958 erant
1562 911 1711 973 spes
1780 893 1932 958 illae
1995 890 2411 957 Germanici?
2512 890 2727 971 Atque
2805 892 2869 956 si

398 1010 627 1058 revera
695 997 948 1062 occulta
1007 998 1316 1065 mandata
1395 999 1576 1063 dedit
1655 999 1876 1064 Pisoni
1954 998 2269 1080 Tiberius,
2335 997 2554 1078 qualia
2619 997 2865 1062 erant?

397 1100 606 1166 Multa
652 1102 756 1166 hic
802 1105 1078 1182 obscura
1134 1113 1419 1186 manent,
1467 1109 1663 1185 atque
1727 1106 1921 1170 valde
1981 1112 2085 1170 est
2139 1104 2499 1183 dolendum,
2561 1104 2870 1173 Tacitum

397 1224 526 1271 non
573 1207 953 1274 clarioribus
1015 1210 1233 1275 verbis
1280 1212 1442 1276 haec
1488 1212 1906 1292 expressisse.
2001 1213 2140 1293 „Et
2209 1213 2613 1276 Plancinam
2672 1212 2872 1275 haud

396 1312 595 1376 dubie
653 1315 965 1400 Anqusta
1023 1320 1279 1381 monuit
1337 1317 1777 1382 aemulatione
1832 1318 2142 1382 muliebri
2185 1319 2628 1401 Ayrippinam
2683 1321 2865 1381 inse-

396 1420 630 1483 ctandi
683 1420 831 1503 ι);“
919 1423 1088 1503 quod
1135 1424 1365 1488 mirum
1433 1424 1620 1489 nobis
1665 1423 1874 1489 videri
1918 1444 2044 1489 non
2092 1430 2329 1507 potest,
2378 1425 2433 1490 si
2477 1424 2865 1505 cogitamus),

394 1534 678 1605 quantae
763 1527 1006 1593 fuerint
1084 1529 1465 1594 inimicit-iae
1553 1538 1620 1595 et
1680 1530 2149 1595 aemulationes
2215 1531 2386 1595 inter
2448 1530 2703 1596 Liviam
2796 1536 2864 1594 et

392 1624 851 1714 Agrippinam,
882 1635 1082 1700 Addit
1127 1636 1394 1701 Tacitus
1439 1636 1715 1701 divisam
1738 1636 1939 1701 fuisse
1978 1638 2192 1701 aulam
2228 1636 2449 1702 tacitis
2472 1637 2541 1701 in
2579 1638 2853 1711 Drusum

397 1743 514 1803 aut
550 1739 1007 1807 Germanicum
1033 1742 1281 1807 studiis
1355 1742 1708 1823 „Tiberius
1751 1752 1826 1806 ut
1857 1745 2209 1825 proprium
2254 1753 2319 1804 et
2362 1745 2473 1806 sui
2512 1745 2859 1827 Sanquinii·

396 1842 697 1910 Drusum
735 1848 1006 1932 fovebat
1016 1872 1044 1927 ;
1093 1848 1488 1914 Germanico
1531 1851 1851 1915 alienatio
1868 1852 2108 1932 patrui
2126 1872 2412 1914 amorem
2455 1852 2641 1930 apud
2682 1859 2857 1914 cete-

391 1971 506 2013 ros
547 1964 836 2018 auxerat
885 1955 972 2038 2).
1064 1956 1161 2020 Et
1223 1959 1522 2022 coniunx
1569 1956 1954 2021 Germanici
2011 1956 2400 2041 Aqrippina
2438 1957 2862 2040 fecunditate

390 2077 471 2120 ac
551 2061 737 2144 fama
803 2062 1099 2139 Liviam,
1188 2085 1467 2128 uxorem.
1543 2063 1784 2140 Drusi,
1839 2062 2303 2146 praecellebat,
2410 2061 2554 2126 Sed
2599 2064 2859 2142 fratres

387 2168 650 2250 eyreqie
684 2171 1047 2233 concordes
1083 2180 1149 2233 et
1186 2175 1652 2253 proximorum
1689 2170 2159 2236 certaminibus
2204 2168 2635 2232 inconcussi.“
2705 2166 2855 2246 Qui-

395 2276 516 2339 bus
562 2293 644 2339 ex
687 2276 906 2341 verbis
951 2295 1165 2343 nonne
1231 2278 1393 2342 satis
1440 2279 1655 2342 elucet
1698 2297 1954 2343 amasse
2001 2276 2326 2342 Tiberium
2404 2274 2605 2339 filium
2671 2292 2853 2352 suum

397 2381 698 2464 Drusum,
762 2402 892 2447 non
920 2402 1192 2448 amasse
1261 2384 1458 2448 filium
1526 2385 1904 2466 adoptivum
1948 2379 2454 2448 Germanicum?
2543 2382 2852 2447 Attamen

400 2492 467 2552 et
508 2490 630 2553 hoc
674 2489 816 2554 loco
862 2491 1160 2555 Tacitum
1202 2490 1497 2555 refellere
1542 2496 1818 2556 conatur
1841 2489 2261 2554 Altemoeller
2304 2493 2372 2551 et
2412 2472 2577 2552 bene
2623 2505 2852 2552 conve-

398 2594 577 2659 nisse
634 2595 807 2659 inter
848 2595 1308 2662 Geimanicum
1369 2604 1438 2661 et
1481 2598 1807 2662 Tiberium
1864 2596 2038 2676 dicit,
2104 2613 2247 2660 cum
2302 2593 2536 2657 docere
2598 2593 2860 2657 studeat

400 2700 657 2766 Tiberio
691 2720 821 2766 non
855 2701 1058 2767 fuisse
1097 2721 1132 2766 o
1158 2702 1309 2767 diu
1331 2723 1392 2767 m
1430 2704 1497 2768 in
1535 2702 2008 2768 Germanicum.
2071 2699 2346 2782 ,‚Quid,“
2386 2699 2609 2779 inquit,
2651 2717 2857 2779 „com-

402 2824 661 2872 movere
705 2808 921 2888 potuit
964 2808 1336 2888 principem,
1413 2814 1486 2873 ut
1553 2804 1800 2873 odiSSet
1853 2807 2052 2872 filium
2109 2805 2539 2887 adoptivum?
2627 2805 2857 2876 Utrum

397 2912 566 2992 quod
610 2912 959 2978 maioribus
1004 2914 1337 2994 praeditus
1370 2921 1515 2978 erat
1556 2914 1907 2979 virtutibus
1939 2913 2044 2977 hic
2088 2932 2279 2993 quam
2324 2911 2493 2976 filius
2537 2910 2855 2975 naturalis

399 3018 669 3098 DrusuS,
716 3019 824 3098 qui
869 3021 1118 3083 urbano
1182 3020 1339 3084 luxu
1405 3019 1813 3100 lasciviebat‚
1870 3039 1954 3083 an
2018 3019 2188 3099 quod
2232 3018 2412 3083 civili
2456 3016 2670 3082 animo
2717 3022 2858 3081 erat

400 3129 468 3188 et
511 3144 750 3205 magna
795 3124 1101 3189 comitate
1126 3130 1193 3189 et
1237 3144 1415 3206 spem
1459 3125 1746 3190 faciebat
1788 3125 1978 3207 plebi,
2016 3125 2074 3189 si
2116 3143 2326 3189 rerum
2372 3122 2617 3204 potitus
2664 3130 2851 3202 esset,

401 3249 546 3295 sese
609 3230 1007 3295 redditurum
1076 3249 1219 3296 esse
1302 3232 1717 3297 libertatem?
1824 3233 1926 3296 An
1994 3250 2137 3295 eum
2216 3229 2600 3307 offendebat,
2688 3228 2854 3306 quod

403 3337 851 3417 „claritudine
915 3340 1203 3401 materni
1261 3341 1524 3421 ,qeneris
1602 3337 1928 3413 anteibat,
2002 3358 2197 3402 avum
2266 3335 2366 3398 M.
2459 3336 2851 3412 Antonium,

399 3444 796 3508 avztnculum
841 3442 1214 3527 Auqustum
1270 3455 1524 3529 serens,
1570 3466 1714 3509 cum
1762 3442 1988 3508 Druso
2041 3462 2332 3525 proavus
2376 3461 2567 3525 eques
2611 3442 2851 3506 Roma-

400 3570 521 3616 nus
564 3550 977 3632 Pomponius
1037 3549 1308 3616 Atticus
1366 3552 1687 3615 dedecere
1734 3551 2162 3615 Claudiorum
2223 3549 2537 3632 imaqines
2598 3550 2849 3614 videre-

403 3665 516 3719 tur
537 3657 616 3719 Ψ(
703 3657 808 3721 An
872 3657 973 3721 ira
1034 3676 1177 3721 eum
1224 3657 1579 3722 affecerunt
1622 3658 1897 3722 virtutes
1947 3654 2383 3737 Agrippinae,
2431 3675 2597 3736 quae
2640 3655 2851 3726 fecun-

402 3761 610 3827 ditate
654 3767 722 3826 et
761 3761 940 3828 fama
983 3762 1240 3830 Liviam
1283 3764 1480 3830 Drusi
1523 3781 1791 3828 uxorem
1836 3761 2375 3842 praecellebat?“
2468 3813 2504 3845 „
2524 3761 2850 3827 Wahrliclc

614 4288 633 4320 ¹
712 4286 838 4339 Ann
872 4284 927 4338 11
999 4284 1044 4338 3.

613 4287 671 4443 ’3
709 4374 919 4429 Contra
954 4284 1256 4429 guatonius
1305 4374 1456 4440 (Tib.
1498 4373 1631 4440 52):
1688 4372 1986 4440 „filiorum
2039 4385 2213 4442 neque
2260 4371 2577 4425 naturalem
2614 4371 2847 4426 Drusum

406 4477 578 4541 neque
601 4462 922 4540 adoptivum
945 4459 1329 4525 Germanicum
1361 4462 1559 4542 patria
1596 4463 1830 4526 caritate
1852 4461 2064 4528 dilexit,
2107 4460 2332 4524 alterius
2371 4461 2515 4524 vitiis
2551 4460 2847 4544 insensu&
