3144 4920
1344 316 1423 323 „-
1514 288 1764 344 29—-

296 465 671 550 proiineiae
717 469 1229 549 praetendebatur
1295 468 1627 549 levavitque
1685 469 1917 549 apertis
1976 467 2211 533 horreis
2257 471 2464 551 pretia
2508 477 2775 554 sruyum

307 577 629 657 multaque
672 576 697 640 i
700 598 743 637 n
807 575 1022 655 imlyus
1080 582 1261 657 gyrata
1327 575 1653 656 usmpai’it
1669 598 1688 639 .·
1752 575 1886 639 sine
1952 576 2142 639 milite
2206 577 2479 641 incedere
2513 577 2778 658 pedibus

305 684 332 746 i
335 684 555 747 ntectis
596 689 651 746 et
683 682 837 763 pari
878 703 1011 745 omn
1068 682 1325 744 Graecis
1367 682 1614 761 amictu,
1665 683 1736 745 P.
1786 682 2097 763 Scipionis
2139 684 2558 763 aemulatione,
2605 706 2776 764 quem

304 791 525 853 eadem
554 788 938 872 factitavisse
980 790 1151 868 apud
1197 788 1500 867 Siciliam,
1546 790 1828 869 quami-is
1855 792 2171 871 stayrante
2212 790 2412 853 adhuc
2437 791 2778 854 Poenorum

307 895 475 975 belle,
522 895 863 976 accepimus
918 896 1041 975 ¹).“
1152 893 1271 956 Hie
1318 913 1567 973 quoque
1630 914 1757 958 non
1821 913 1976 958 vera
2022 913 2216 958 causa
2276 895 2476 959 fuisse
2523 896 2782 961 videtur

311 1001 546 1081 cupido
594 1000 1017 1080 antiquitates
1043 1000 1493 1080 cognoscendi,
1532 1000 1645 1063 sed
1695 1020 1846 1065 eura
1872 1001 2265 1081 provinciae,
2313 1020 2522 1081 quam,
2570 1009 2640 1065 ut
2686 1004 2780 1067 ait

319 1107 616 1187 TacituS‚
666 1106 1138 1187 praetendebat
1182 1106 1628 1171 Germanicus.
1702 1106 1893 1171 Certe
1939 1107 2168 1171 mirum
2217 1114 2345 1187 est,
2393 1108 2561 1187 quod
2607 1109 2777 1189 eupi-

322 1212 485 1278 ditas
555 1214 983 1293 antiquitates
1053 1212 1360 1276 noscendi
1419 1212 1699 1277 ducebat
1756 1231 1899 1277 eum
1958 1213 2024 1276 in
2069 1214 2368 1294 regiones
2416 1215 2497 1279 ad
2543 1214 2778 1279 bellum

323 1326 383 1382 et
446 1319 532 1383 ad
622 1319 1069 1383 commercium
1156 1317 1434 1382 maxime
1520 1318 1824 1398 idoneas,
1915 1324 1988 1383 ut
2052 1318 2242 1384 erant
2302 1320 2643 1403 Aegyptus
2712 1327 2778 1386 et

311 1425 659 1505 Bosporos.
751 1423 878 1488 Cur
920 1443 1049 1488 non
1094 1422 1393 1488 visitavit
1438 1424 1727 1504 Delphos
1774 1432 1888 1489 aut
1932 1425 2242 1490 Plataeas
2289 1435 2404 1490 aut
2447 1428 2776 1492 Maratho-

303 1550 460 1595 nem
506 1538 622 1596 aut
666 1531 967 1611 Spartam
1032 1536 1146 1595 aut
1192 1530 1567 1594 Corinthum
1629 1535 1744 1595 aut
1786 1531 2050 1612 Delum,
2113 1531 2226 1595 sed
2270 1532 2447 1613 ipsas
2493 1534 2775 1615 Propon—

302 1637 468 1701 tidis
513 1637 852 1718 angustias
915 1644 982 1701 et
1027 1656 1097 1700 os
1143 1636 1525 1700 Ponticum?
1634 1638 1857 1703 Voluit
1912 1637 2052 1702 sine
2111 1638 2303 1702 dubio
2350 1638 2774 1707 Germanicus

307 1744 511 1808 etiam
577 1744 645 1807 in
708 1746 1007 1825 Aegypto
1076 1742 1365 1807 favorem
1432 1741 1649 1823 populi
1719 1743 1840 1807 sibi
1911 1763 2177 1825 parare,
2245 1746 2412 1825 quod
2496 1747 2773 1812 levando

302 1850 524 1931 pretia
570 1849 824 1930 frugum
867 1849 1061 1913 facile
1124 1844 1384 1928 assequi
1428 1847 1669 1929 potuit,
1737 1850 2123 1928 praesertim
2189 1869 2328 1914 eum
2375 1852 2774 1919 Alexandria

300 1957 533 2036 inopia
580 1962 648 2019 et
690 1954 860 2020 fame
906 1968 1305 2036 premeretur
1331 1956 1417 2035 2>.
1494 1954 1810 2019 Fortasse
1856 1956 2052 2019 etiam
2077 1956 2327 2021 Graeco
2365 1957 2772 2039 vestimento,

305 2080 432 2142 quo
483 2068 626 2125 erat
670 2062 963 2141 indutus,
1033 2080 1101 2126 se
1146 2068 1611 2125 commoturum
1657 2078 1799 2126 esse
1848 2061 2098 2127 animos
2164 2063 2468 2143 speravit.
2559 2065 2772 2145 Quare

309 2217 346 2248 „
360 2168 650 2233 Tiberius
691 2170 849 2233 cultu
916 2168 1242 2249 habituque
1304 2167 1436 2231 eius
1503 2168 1739 2231 lenibus
1803 2168 2001 2233 verbis
2056 2170 2411 2249 perstrictO,
2478 2172 2774 2237 acerrime

296 2273 645 2355 increpuit,
689 2277 850 2356 quod
891 2281 1099 2339 eontra
1126 2274 1410 2338 instituta
1448 2274 1720 2355 Auyusti
1763 2297 1884 2338 non
1930 2282 2138 2355 sponte
2168 2276 2322 2356 prin
2330 2277 2484 2357 cipis
2505 2278 2773 2342 Alexan·

304 2381 525 2445 driam
596 2380 905 2446 introisset
951 2382 1072 2463 ¹).“
1178 2381 1343 2444 Nam
1389 2384 1692 2443 vetuerat
1737 2381 2071 2463 Augustus
2141 2382 2387 2462 equites
2445 2384 2771 2450 Romanos

299 2492 425 2553 aut
473 2494 807 2552 senatores
855 2489 1223 2570 Aegyptum
1268 2486 1551 2566 ingredi,
1603 2509 1720 2567 „ne
1747 2487 1927 2570 fame
1969 2495 2253 2570 ierqueret
2273 2491 2560 2570 Italiam,
2607 2493 2770 2573 quis-

292 2594 448 2677 quis
491 2617 623 2659 eam.
658 2595 1051 2676 provinciam
1096 2594 1479 2675 claustraque
1523 2599 1722 2658 terrae
1765 2616 1838 2659 ae
1881 2596 2077 2660 maris
2120 2596 2401 2677 quamvis
2444 2597 2557 2662 levi
2590 2620 2770 2679 prae-

289 2701 468 2767 sidio
526 2703 851 2766 adversum
916 2701 1190 2782 iizqentes
1246 2700 1542 2766 exercitus
1607 2700 1987 2765 insedissetf‘
2076 2701 2290 2781 Atque
2357 2709 2585 2768 contra
2650 2705 2771 2769 hoe

290 2806 580 2871 vetitum
622 2806 887 2872 fecerat
949 2806 1391 2871 Germanicus.
1500 2807 1716 2885 Quare
1763 2806 1904 2884 quis
1954 2812 2072 2886 est,
2143 2807 2294 2887 quin
2340 2828 2584 2874 summo
2631 2811 2768 2875 iure

292 2934 340 2978 a
390 2911 648 2977 Tiberio
693 2913 869 2977 illum
913 2912 1348 2993 vituperatum
1394 2930 1536 2977 esse
1584 2911 1900 2975 concedat
1929 2913 2035 2994 ³)2
2104 2912 2504 2994 Quamquam
2553 2922 2767 2980 autem

291 3018 573 3083 Tacitus
621 3037 727 3099 e0‚
775 3020 944 3098 quod
988 3039 1118 3083 non
1157 3017 1604 3099 reprehendit,
1646 3017 1824 3081 illam
1869 3018 2413 3099 vituperationem
2437 3023 2765 3103 probavit,

290 3125 728 3193 Altemoeller
770 3131 986 3191 tamen
1036 3127 1131 3191 ita
1183 3125 1419 3203 refert,
1468 3123 1656 3203 quasi
1702 3123 1956 3187 crimini
2003 3143 2145 3188 eam
2190 3125 2441 3190 dederit
2485 3127 2762 3193 Tiberio.

293 3230 475 3311 Quid
500 3232 666 3295 enim
712 3232 886 3298 aliud
929 3233 1098 3313 vult,
1146 3250 1287 3295 cum
1332 3229 1517 3294 dicit:
1566 3231 1784 3310 „deren
1820 3230 1989 3294 nicht
2030 3254 2147 3296 aus
2168 3234 2376 3313 HaSS,
2422 3234 2592 3299 nieht
2631 3236 2770 3300 weil

287 3359 366 3404 er
411 3337 584 3403 Alles
642 3360 728 3403 an
805 3337 1218 3404 Germanicus
1297 3358 1438 3401 zum
1497 3337 1712 3419 Aryen
1798 3339 2050 3418 deutete,
2097 3339 2309 3405 tadelte
2393 3362 2462 3405 er
2546 3342 2657 3407 itm
2680 3341 2765 3405 “P

292 3584 508 3591 —--.—.-.

516 3735 558 3801 ¹)
600 3737 735 3788 Ann.
773 3734 828 3787 II
864 3734 948 3790 59.
978 3745 981 3748 “

513 3825 557 3888 ’)
598 3823 665 3877 cf.
708 3823 860 3877 Suet.
901 3823 1021 3876 Tib.
1058 3823 1139 3879 52.
1183 3824 1415 3892 Joseph.
1457 3839 1504 3876 c.
1544 3824 1648 3889 Ap.
1688 3822 1741 3877 H
1775 3826 1822 3880 5.

510 3914 557 3977 ³)
594 3915 858 3967 Attamen
895 3913 1063 3967 Peter
1103 3915 1259 3981 (pag.
1319 3913 1442 3976 181)
1485 3912 1624 3965 dicit
1659 3912 1826 3967 haec:
1866 3914 2030 3978 „Wir
2069 3914 2291 3969 lco'mten
2331 3916 2540 3986 jedoch
2580 3918 2781 3972 diesen*

299 3999 579 4067 Vorwurf
610 4001 914 4069 abyesehen
957 4002 1162 4062 davon,
1234 4003 1414 4053 dass
1489 4016 1565 4052 er
1635 4004 1903 4056 seinen
1979 4004 2242 4058 Grund
2293 4006 2805 4074 jedenfatts‘

291 4091 375 4142 in
450 4091 664 4144 einer
747 4090 1254 4144 kleinlichen
1341 4090 1782 4160 Mis-squnst
1855 4095 1981 4146 des
2071 4095 2429 4147 Tiberius
2503 4095 2755 4158 hatte,

300 4176 450 4229 auch
484 4179 709 4246 formell
744 4181 896 4233 nicht
949 4183 1045 4248 fiir
1085 4179 1389 4248 beqriindet
1444 4180 1664 4241 hatten,
1727 4183 1801 4236 da
1838 4185 1942 4236 wir
1996 4184 2304 4238 annehmen
2343 4187 2586 4242 miissen,
2630 4187 2758 4240 dass

301 4267 403 4318 der
455 4268 574 4321 dem
623 4269 984 4323 Germanicus
1043 4269 1246 4323 erteilte
1298 4270 1539 4338 Austraq
1589 4271 1733 4324 auch
1781 4273 2060 4341 Aeqypten
2115 4274 2440 4341 umsasste.“
2517 4276 2671 4342 Quae
2710 4280 2758 4332 si

300 4358 388 4409 ita
415 4357 931 4426 fuissent‚Tacitus
969 4377 1078 4412 non
1118 4358 1435 4413 addidisset
1471 4361 1702 4413 vetitum
1743 4362 1882 4415 illud
1902 4365 2157 4432 Augusti,
2197 4381 2305 4431 quo
2345 4366 2520 4419 allato
2561 4382 2756 4421 conce·

309 4445 390 4499 dit
426 4450 625 4503 merito
664 4450 1037 4519 vituperatum
1077 4466 1203 4504 esse
1244 4449 1650 4505 Germanicum.
