3144 4920
1290 224 1712 302 *13-

257 423 526 489 Tiberio
572 444 703 489 non
750 424 1006 491 laudari
1050 424 1307 490 nescius
1355 429 1516 506 erat,
1564 430 1914 506 antequam
1958 430 2330 491 moneretur
2375 447 2415 492 a
2438 425 2717 510 Tiberio,

255 537 334 594 ut
381 530 732 595 desisteret
773 532 1174 612 Romamque
1234 530 1494 596 rediret.
1588 532 1773 612 Quod
1842 538 2060 598 autem
2122 538 2397 598 conatus
2444 540 2546 599 est
2588 553 2727 617 pre-

256 637 402 702 cari
449 639 533 703 ab
576 637 981 719 Imperatore
1029 655 1310 719 „annum
1371 636 1728 703 efficiendis
1787 638 2097 720 coeptis“‚
2157 646 2338 704 certa
2384 659 2498 721 spe
2564 659 2730 705 com-

255 749 480 809 motus
540 761 730 825 posse
785 760 931 807 sese
990 743 1228 808 bellum
1284 743 1599 808 conficere
1662 763 1833 809 anno
1877 763 2025 825 un0‚
2086 745 2209 809 hoc
2265 745 2581 811 audaciae
2623 748 2731 812 vel

262 848 642 915 securitatis
688 867 830 914 esse
874 849 1030 914 mihi
1074 869 1204 915 non
1262 849 1539 915 videtur.
1628 851 1772 916 Hoc
1826 850 2081 932 precari
2135 851 2366 933 potuit,
2431 852 2628 918 etiam
2672 854 2730 919 si

261 957 601 1021 metuebat
643 955 969 1020 Tiberium
1016 961 1081 1020 et
1125 954 1357 1021 anxius
1404 961 1549 1022 erat
1611 957 1880 1022 occultis
1940 956 2157 1038 patrui
2201 957 2269 1022 in
2335 977 2406 1024 se
2453 958 2617 1025 odiis
2663 965 2730 1024 et

265 1061 531 1127 invidia.

480 1169 792 1250 Quamvis
838 1174 1055 1236 autem
1099 1186 1204 1234 res
1249 1168 1345 1234 ita
1389 1185 1536 1234 sese
1589 1169 1927 1251 haberent,
1973 1174 2048 1234 ut
2107 1175 2284 1235 esset
2325 1171 2392 1236 in
2439 1170 2725 1237 simulta-

270 1279 335 1339 te
377 1293 517 1340 cum
561 1275 952 1341 Germanico
999 1275 1295 1341 Tiberius
1342 1283 1412 1341 et
1465 1277 1742 1341 haberet
1798 1275 1967 1356 quod
2029 1282 2349 1342 metueret
2391 1277 2587 1357 illum,
2633 1277 2726 1342 vi-

270 1381 452 1446 detur
496 1386 717 1447 tamen
778 1381 1207 1448 Germanicus
1279 1381 1420 1464 ipse
1487 1401 1618 1448 non
1686 1381 2014 1447 studuisse
2069 1383 2257 1448 novis
2323 1385 2549 1448 rebus:
2611 1383 2726 1447 sed

264 1487 526 1568 inquam
577 1489 930 1571 „videtur“,
977 1507 1120 1553 cum
1166 1488 1446 1553 animum
1495 1488 1632 1554 eius
1677 1494 1744 1552 et
1787 1488 2191 1554 voluntatem
2238 1509 2364 1556 non
2409 1490 2540 1555 iam
2583 1507 2724 1571 per-

262 1594 523 1673 quirere
568 1594 901 1675 possimus.
991 1595 1155 1659 Nam
1203 1594 1258 1659 si
1313 1594 1580 1676 studuit,
1654 1594 1882 1659 mirum
1944 1601 2062 1677 est,
2110 1613 2223 1659 cur
2267 1613 2420 1659 usus
2464 1615 2592 1661 non
2639 1596 2726 1661 sit

265 1699 610 1764 occasione
655 1702 876 1767 oblata
921 1722 961 1767 a
1005 1701 1338 1766 militibus,
1428 1701 1534 1765 Ita
1580 1696 1848 1765 Tacitus
1894 1700 2081 1766 dicit:
2140 1702 2201 1785 ι)
2250 1703 2422 1783 „Sed
2472 1703 2724 1768 Germa-

266 1805 449 1870 nicus·
489 1815 712 1888 quanto
753 1831 1031 1874 simmae
1072 1808 1205 1890 spei
1236 1808 1516 1890 pmpior,
1563 1814 1733 1872 tanto
1754 1807 2096 1890 ‘impensius
2127 1831 2250 1891 pro
2295 1810 2539 1874 Tiberio
2581 1809 2721 1890 niti,

272 1912 582 1993 Sequanos·
655 1915 977 1996 proximos
1049 1921 1106 1979 et
1168 1913 1509 1995 Belyarum
1581 1914 1852 1978 civitates
1913 1916 1985 1979 in
2060 1917 2244 1980 verba
2308 1916 2441 1980 eius
2503 1915 2718 1998 adiqit.

266 2019 506 2085 Dehine
538 2021 748 2085 audito
770 2020 1075 2105 Ieyiomtm
1097 2020 1354 2085 tumultu
1378 2020 1610 2102 raptim
1642 2020 1954 2104 profectus
1997 2070 2264 2088 .....
2272 2023 2308 2054 “
2375 2021 2518 2085 Hoc
2563 2039 2722 2086 sane

263 2124 682 2207 intellegatur
725 2127 1041 2193 meritum.
1131 2126 1200 2191 Si
1246 2133 1463 2191 autem
1506 2127 1574 2191 in
1622 2127 1933 2208 oratione,
2002 2145 2194 2207 quam
2238 2126 2469 2191 habuit
2513 2145 2713 2192 uxore

263 2249 343 2294 ex
389 2231 625 2296 castris
670 2239 940 2314 remota,
986 2233 1450 2299 Germanicus:
1500 2256 1674 2314 „non
1718 2234 1875 2299 mihi.
1917 2234 2134 2315 mcor,“
2180 2230 2389 2311 inquit
2410 2233 2500 2316 ⁸²),
2562 2240 2723 2315 „aut

242 2337 429 2423 filius
490 2345 673 2421 patre
739 2346 794 2403 et
866 2340 1177 2423 republica
1254 2340 1521 2405 cariores
1598 2342 1802 2422 εηιηί,“
1881 2340 2125 2405 minimi
2203 2339 2326 2402 hoc
2398 2338 2554 2403 mihi
2626 2339 2717 2404 vi-

258 2444 452 2510 detur
495 2446 819 2528 momenti,
866 2466 1006 2512 cum
1052 2447 1266 2529 palam
1314 2446 1529 2516 dicere
1574 2467 1704 2512 non
1750 2451 1972 2529 posset
1995 2466 2065 2511 se
2103 2445 2170 2511 in
2194 2445 2526 2511 simultate
2572 2464 2718 2511 esse

260 2570 401 2617 cum
444 2558 650 2633 patre.
741 2553 1144 2634 Quamquam
1204 2572 1333 2618 non
1378 2558 1658 2635 constat,
1705 2573 1855 2619 num
1899 2554 2200 2619 habuerit
2243 2571 2356 2617 cur
2398 2551 2719 2634 proferret

260 2656 602 2723 discrimen
648 2663 716 2723 et
759 2658 1017 2724 interim
1064 2659 1436 2739 obsequium
1485 2677 1643 2741 erga
1688 2660 2017 2725 Tiberium
2062 2664 2371 2725 servaret.
2439 2658 2714 2723 Militum

261 2764 507 2829 animos
550 2783 681 2830 non
726 2765 891 2830 satis
938 2784 1081 2830 eum
1127 2765 1532 2847 cognovisse,
1578 2766 1729 2831 inde
1774 2771 1978 2849 patet,
2025 2765 2193 2847 quod
2240 2770 2394 2830 ante
2432 2783 2717 2846 pugnam

258 2869 326 2934 in
393 2889 618 2952 campo
678 2870 1024 2936 Idisiaviso
1083 2871 1328 2937 factam
1382 2878 1582 2937 noctu
1624 2891 1741 2953 per
1800 2873 2087 2937 occultas
2146 2876 2507 2937 castrorum
2571 2872 2715 2937 vias

258 2978 399 3040 cum
441 2995 567 3041 uno
614 2977 847 3041 comite
892 2980 1286 3058 ambulabat,
1314 2982 1388 3042 ut
1403 2985 1706 3043 nosceret
1726 2980 1999 3044 militum
2042 2981 2293 3043 mentes
2344 2977 2430 3060 ³).
2498 2978 2716 3058 Quare

251 3081 322 3147 in
366 3082 575 3149 medio
618 3082 1074 3165 relinquamUS‚
1120 3091 1335 3149 utrum
1380 3102 1595 3150 rerum
1640 3086 1834 3167 potiri
1880 3083 2202 3151 studuerit
2245 3102 2466 3149 necne.

467 3189 629 3254 Post
708 3187 1095 3255 seditionem
1174 3190 1470 3256 sedatam
1550 3190 1978 3258 Germanicus
2074 3190 2311 3255 milites
2399 3190 2712 3256 adversus

253 3293 508 3360 hostem
595 3294 780 3358 duxit
866 3300 933 3358 et
1018 3294 1174 3361 fecit
1232 3296 1678 3378 expeditiones
1742 3298 1911 3379 illas,
1994 3315 2161 3377 quae
2264 3315 2568 3378 magnam
2652 3297 2711 3362 ei

256 3405 647 3481 pepererunt
667 3400 958 3482 gloriam.
1027 3402 1073 3467 J
1076 3422 1179 3468 am
1205 3422 1376 3468 anno
1404 3403 1582 3469 XIV.
1610 3403 1905 3469 Tiberius
1939 3407 2253 3486 comperlt
2275 3421 2711 3484 compressam

466 3815 520 3876 ¹)
576 3813 707 3867 Tac.
748 3816 888 3867 Ann.
945 3814 971 3868 I
1023 3813 1105 3873 34.
1161 3816 1219 3870 cf
1266 3815 1373 3870 Dio
1435 3817 1499 3873 57
1554 3817 1615 3875 6:
1673 3822 1807 3884 „aerea”
1850 3816 1882 3872 ὅ
1915 3820 2029 3887 μὲν
2086 3817 2151 3880 (i.
2203 3831 2249 3871 e.
2309 3817 2705 3882 Germanicus)

256 3900 528 3963 δυνηθεὶς
566 3898 641 3954 (ἲν
680 3899 779 3969 τήν
820 3900 1220 3973 αὗτοκριὲτορα
1262 3901 1454 3977 α’ρχῆν
1492 3906 1712 3971 λαβεῖν,
1769 3902 1823 3970 (ἦ
1859 3903 1974 3976 γάρ
2012 3903 2214 3959 εὔνοια
2236 3902 2472 3959 πάντων
2511 3902 2708 3966 &amq

256 3990 365 4037 τῶν
401 3981 692 4052 Ῥωμαίων
730 3992 823 4042 καὶ
863 3995 975 4042 τῶν
1012 3986 1279 4054 δπηκόων
1317 3996 1482 4059 ‹tq-:2311
1520 3995 1609 4052 εἰς
1648 3988 1831 4044 oev'ro'v
1871 3990 2086 4051 ἐποίει)
2131 3988 2233 4045 ov’n
2270 3987 2609 4057 ἧθὲλησεν,“
2650 3995 2707 4041 et

255 4067 316 4122 57
361 4069 442 4123 183
484 4074 802 4138 „dvm-9025
839 4081 985 4144 γοῦν
1023 4070 1300 4137 πολλάκις
1322 4077 1415 4130 καὶ
1455 4073 1591 4143 παρ’
1611 4072 1866 4130 ἑκόντων
1906 4073 2018 4144 οὔχ
2059 4071 2150 4129 ὅτι
2174 4082 2291 4130 τῶν
2314 4081 2705 4143 στρατιωτῶν,

255 4150 393 4209 α’λλοῖ
429 4158 524 4209 καὶ
579 4164 683 4211 τοῦ
735 4155 914 4225 δῆμον
971 4167 1070 4226 τῆς
1124 4180 1182 4215 τε
1237 4163 1444 4227 βουλῆς
1497 4156 1599 4226 τήν
1654 4156 2054 4231 αὕτοκρᾰτορα
2110 4163 2311 4227 λαβεῖν
2373 4159 2564 4234 α’ρχῆν
2603 4160 2705 4216 οὔκ

252 4235 549 4305 ἧθίλησέν.

463 4323 510 4389 ’)
548 4322 682 4378 Tac.
721 4327 860 4379 Ann.
900 4325 928 4379 I
963 4327 1046 4383 42.

460 4409 507 4478 ⁸)
545 4407 678 4465 Tac.
713 4412 853 4467 Anu.
887 4411 943 4467 H
983 4411 1062 4472 13·
