3144 4920
1395 292 1817 366 5364.

374 482 486 561 vix
508 490 807 559 dubitare
828 510 1187 573 possumus,
1211 490 1364 571 quin
1388 489 1648 555 fluxerit
1670 489 1775 554 hic
1815 489 1996 553 103113
2032 508 2113 553 ex
2151 486 2351 570 fonte,
2392 486 2572 553 cuius
2609 490 2860 552 auctor

374 596 783 664 familiariter
804 594 1043 659 Pisone
1063 612 1215 657 usus
1236 597 1352 658 est.
1403 594 1701 673 Quanam
1713 612 1783 655 re
1807 597 2049 655 motum
2068 591 2366 656 Tacitum
2387 591 2550 656 talia
2571 590 2855 655 finxisse

375 697 724 783 putamus?
772 698 1175 778 Quamquam
1200 696 1811 759 Altemoellerhanc
1835 693 1993 757 dicit
2039 696 2223 773 „eine
2273 693 2852 778 Verdc’z'elzlz‘qvmq,

376 802 618 866 welche
652 801 773 865 der
793 798 1183 864 Historilmr
1221 799 1367 863 dem
1389 797 1733 873 Domitius
1773 799 1843 860 in
1879 797 2004 859 den
2031 794 2254 860 Mvmd
2267 798 2486 881 yeleyt
2522 820 2602 861 zu
2625 796 2850 860 haben

377 904 662 980 seltez'nt,
700 925 805 967 um
830 902 928 965 sie
949 900 1135 965 nieht
1155 900 1360 964 selbst
1381 908 1716 962 vertreten
1740 921 1820 963 zu
1845 898 2176 963 brauehen
2212 899 2338 982 ι).“
2382 900 2542 964 Mihi
2583 901 2850 982 quidem

378 1007 639 1072 dubium
683 1025 812 1071 non
856 1004 1133 1083 videtur,
1180 1002 1332 1082 quin
1379 1003 1583 1066 verba
1628 1002 1741 1067 illa
1784 999 2052 1066 Domitii
2096 1003 2335 1067 hausta
2381 1002 2514 1067 sint
2545 1022 2640 1084 ,ex
2672 1023 2850 1067 com-

378 1107 715 1174 mentariis
778 1111 893 1171 aut
967 1105 1262 1186 epistulis
1331 1104 1712 1184 quibusdam
1782 1104 2036 1167 illorum
2104 1110 2478 1185 temporum.
2569 1105 2675 1168 Ex
2735 1106 2848 1171 his

378 1215 595 1276 autem
669 1226 1071 1287 consequens
1152 1211 1253 1271 est
1311 1206 1533 1271 Tiberi
1598 1204 1908 1286 favorem,
1971 1206 2312 1287 Augustae
2374 1207 2850 1273 conscientiam

377 1312 579 1377 fuisse
623 1310 862 1375 Pisoni.
955 1308 1022 1373 Si
1066 1308 1267 1390 igitur
1309 1308 1460 1373 Piso
1501 1327 1571 1374 se
1618 1308 1937 1372 delectum
1985 1310 2274 1374 habebat
2332 1310 2415 1375 ad
2461 1329 2609 1391 spes
2678 1310 2846 1375 Ger-

378 1413 619 1480 manici
662 1411 1073 1491 303133111133,
1119 1410 1375 1476 Liviam
1423 1416 1754 1475 auctorem
1787 1411 2062 1491 putavit,
2110 1432 2240 1475 non
2264 1412 2610 1494 Tiberium,
2659 1414 2847 1478 3111113

380 1517 441 1581 31
485 1536 614 1580 11011
661 1519 806 1579 erat
872 1514 1309 1578 conscientia:
1381 1513 1799 1592 quamobrem
1847 1513 1987 1578 fieri
2033 1534 2163 1578 non
2211 1520 2447 1596 potest,
2513 1520 2586 1579 ut
2654 1536 2845 1597 „pro-

380 1618 525 1701 pria
598 1616 972 1693 mandata‚“
1047 1634 1214 1695 quae
1280 1614 1666 1679 memoravit
1736 1615 2081 1681 Domitius.
2153 1616 2286 1681 31111
2353 1617 2577 1681 33113111
2644 1623 2840 1698 atque

383 1722 678 1803 „occulta
720 1718 1086 1798 luandata,“
1137 1736 1302 1797 quae
1349 1738 1388 1780 a
1434 1708 1965 1782 Τ11131111Ῥ1311111
2012 1719 2169 1784 11313
2233 1719 2488 1799 quidam
2554 1719 2844 1783 credide-

378 1828 548 1888 rant.
641 1821 767 1886 Sed
813 1820 1023 1901 qualis
1072 1825 1216 1883 erat
1259 1821 1422 1883 haec
1482 1820 1929 1885 conscientia?
1987 1821 2270 1886 fortasse
2333 1822 2676 1886 referenda
2740 1829 2848 1886 est

379 1926 463 1990 ad
521 1924 700 2005 illud,
762 1924 931 2004 quod
994 1921 1375 1986 Plancinam
1437 1928 1779 1986 monuerat
1837 1924 2157 2004 Augusta,
2218 1930 2290 1988 ut
2347 1925 2849 2005 „aemulatio-ne

379 2026 686 2091 muliebri
731 2025 1180 2111 Aqrippinam
1226 2026 1741 2087 insectaretur.“

592 2128 978 2207 Priusquam
1024 2132 1239 2191 autem
1285 2127 1742 2207 regrederetur
1801 2128 1952 2191 Piso
1999 2127 2064 2191 in
2125 2129 2557 2209 provinciam,
2607 2130 2689 2194 ad
2736 2129 2845 2194 Ti-

378 2235 625 2301 berium
668 2234 926 2298 litteras
972 2233 1149 2297 misit
1176 2234 1266 2315 2),
1314 2233 1544 2314 quibus
1596 2236 1987 2315 „incusavit
2015 2234 2477 2299 Germanicum
2525 2237 2729 2301 luxus
2774 2245 2845 2298 et

380 2341 734 2426 superbiae
746 2364 775 2419 ;
818 2361 1016 2426 seque
1034 2339 1331 2423 pulsum,
1377 2349 1451 2401 ut
1479 2340 1663 2403 loeus
1706 2339 1901 2403 rebus
1946 2343 2138 2405 novis
2173 2342 2525 2425 patefieret
2551 2392 2571 2417 ,
2612 2365 2845 2407 curam

382 2451 723 2515 exercitus
767 2448 992 2511 eadem
1032 2447 1163 2531 fide
1207 2469 1336 2530 qua,
1404 2450 1694 2510 tenuerit
1753 2451 2211 2533 repetivisse.“
2300 2450 2663 2515 Dolendum
2708 2457 2844 2530 est,

383 2556 550 2637 quod
610 2556 1013 2637 ignoramuS,
1061 2554 1291 2633 quibus
1352 2555 1569 2618 verbis
1639 2556 2006 2636 conscripta
2067 2556 2264 2621 fuerit
2306 2558 2470 2621 haec
2532 2557 2845 2638 epistula,

381 2662 448 2726 id
491 2662 659 2741 quod
706 2667 808 2726 est
849 2661 1115 2726 maximi
1160 2651 1481 2724 momenti.
1574 2662 1853 2725 Tantum
1904 2668 2117 2727 autem
2166 2663 2621 2745 comperimus,
2670 2664 2848 2728 incu-

383 2769 517 2834 sari
561 2769 1020 2833 Germanicum
1066 2773 1133 2830 et
1192 2767 1433 2831 amicos
1482 2767 1651 2844 eius,
1700 2770 1867 2848 quod
1930 2769 2336 2834 studuissent
2394 2773 2588 2835 rebus
2635 2769 2840 2834 novis.

382 2876 486 2939 Ex
531 2875 610 2939 iis
656 2880 901 2954 autem,
950 2893 1115 2954 quae
1160 2875 1311 2937 Piso
1359 2893 1499 2937 cum
1547 2874 1769 2938 amicis
1816 2877 2340 2950 consultaverat,
2403 2875 2845 2941 intelleximus

380 2980 684 3045 Pisonem
729 2999 1109 3061 persuasum
1155 2980 1278 3044 sibi
1324 2980 1628 3044 habuisse
1674 3000 1875 3060 usque
1922 2982 2004 3046 ad
2062 2982 2127 3046 id
2174 2988 2427 3063 tempus
2474 3001 2618 3047 sese
2665 2987 2846 3046 recte

382 3085 614 3151 fecisse
660 3089 854 3164 atque
899 3090 1146 3150 rectum
1205 3086 1567 3166 iustumque
1617 3105 1792 3168 esse,
1859 3088 1924 3151 id
1984 3088 2152 3168 quod
2198 3089 2323 3152 sibi
2366 3089 2846 3169 proposuisset,

382 3191 781 3274 provinciam
848 3198 1158 3272 repetere.
1252 3192 1468 3272 Quare
1513 3193 1653 3256 fieri
1717 3213 1846 3257 non
1891 3200 2138 3274 potest,
2208 3200 2282 3258 ut
2325 3194 2479 3259 ficta
2547 3195 2680 3259 sint
2727 3214 2846 3276 33,

383 3317 549 3379 quae
595 3297 678 3362 ad
724 3298 1050 3363 Tiberium
1097 3299 1393 3381 scripsit,
1442 3299 1554 3363 sed
1603 3301 1813 3363 elucet
1857 3302 2206 3380 protulisse
2253 3321 2398 3365 eum
2442 3300 2638 3365 animi
2684 3294 2850 3365 iudi·⁴

384 3405 567 3469 cium.
658 3406 820 3469 Post
863 3406 1026 3469 haec
1073 3424 1216 3469 cum
1261 3405 1624 3486 appulisset
1686 3406 1770 3469 ad
1816 3406 2100 3482 Suriam,
2168 3408 2320 3471 Piso
2366 3408 2605 3471 bellum
2654 3407 2848 3472 civile

383 3511 654 3592 incepit,
702 3530 825 3591 quo
871 3511 1084 3575 victus
1131 3515 1196 3574 et
1241 3530 1626 3590 quamquam
1694 3531 1836 3575 cum
1899 3513 2098 3577 Asiae
2160 3513 2401 3594 regulis
2464 3514 2848 3578 coniunctus

382 3619 718 3700 provincia
763 3618 1074 3683 decedere
1122 3622 1388 3699 coactus
1426 3624 1543 3684 est.
1615 3616 1849 3700 „Nihil
1888 3622 2080 3683 aliud
2119 3621 2359 3683 Pisoni
2401 3642 2596 3706 quam
2643 3641 2851 3683 naves

384 3735 448 3788 et
487 3733 701 3789 tutum
746 3728 817 3787 z‘tz
860 3725 1083 3788 urbem
1127 3728 1258 3788 iter
1296 3748 1674 3789 eoncessum
1712 3736 1810 3789 ost
1841 3727 1966 3809 ³)ss
2061 3726 2157 3789 Ac
2205 3727 2456 3790 Romae
2492 3737 2852 3810 postquam·

389 3832 775 3897 Germanici
816 3832 1128 3895 valetudo
1170 3833 1587 3914 percrebuit,
1636 3842 2008 3919 cunctaque
2053 3843 2125 3897 nt
2152 3857 2238 3898 ex
2261 3836 2616 3917 lonqinquo
2641 3843 2850 3898 aucta

384 3942 454 4002 in
499 3940 795 4003 deterius
860 3939 1353 4021 afferebantur,
1433 3940 1626 4002 dolor·
1693 3942 1831 4016 ἱνα,
1906 3949 1972 4003 et
2038 3940 2465 4024 erumpebant
2555 3948 2849 4027 questus,

390 4044 548 4110 Ideo
590 4047 898 4109 nimirum
944 4047 1014 4108 ‘in
1074 4054 1412 4109 extremas
1457 4056 1680 4110 terras
1744 4048 2140 4129 releqatum,
2207 4050 2358 4111 ideo
2411 4048 2650 4111 Pisom'
2688 4069 2850 4131 per-

596 4289 645 4346 ¹)
684 4301 816 4353 pag.
857 4284 938 4340 27.

594 4373 650 4436 ²)
689 4371 833 4424 Ann.
871 4370 926 4424 Π
964 4370 1043 4427 78.

594 4454 640 4523 ³)
678 4457 822 4511 Ann.
863 4455 917 4510 H
953 4456 1033 4512 81.
